@IEEEtranBSTCTL{BSTcontrol,
    CTLuse_paper             = "yes",
    CTLuse_url               = "no",
    CTLuse_forced_etal       = "no",
    CTLmax_names_forced_etal = "1",
    CTLnames_show_etal       = "1",
    CTLuse_alt_spacing       = "no",
    CTLalt_stretch_factor    = "4",
}