@inproceedings{Rynkiewicz,
    title = {{2 nd - and 4 th -Order planar dual-mode ring filters at 140 GHz in a 130nm BiCMOS technology}},
    year = {2017},
    booktitle = {2017 IEEE Asia Pacific Microwave Conference (APMC)},
    author = {Rynkiewicz, Pedro and Franc, Anne-laure and Coccetti, Fabio and Wietstruck, Matthias and Kaynak, Mehmet and Prigent, Gaetan},
    month = {11},
    pages = {132--135},
    publisher = {IEEE},
    url = {http://ieeexplore.ieee.org/document/8251395/},
    isbn = {978-1-5386-0640-7},
    doi = {10.1109/APMC.2017.8251395},
    keywords = {140 ghz, cmos, integrated circuits, millimeter-, miniaturization, planar filters, wave}
}

@article{Hsiao2017,
    title = {{2.4-GHz {\$}Q{\$} -Enhanced Lumped Ring Filter With Two Transmission Zeros Using 0.18- {\$}{\textbackslash}mu{\$} m SiGe BiCMOS Process}},
    year = {2017},
    journal = {IEEE Microwave and Wireless Components Letters},
    author = {Hsiao, Yu-chih and Meng, Chinchun and Yang, Shih-te},
    number = {3},
    month = {3},
    pages = {305--307},
    volume = {27},
    url = {http://ieeexplore.ieee.org/document/7859477/},
    doi = {10.1109/LMWC.2017.2662000},
    issn = {1531-1309}
}

@article{Vigilante2016,
    title = {{20.10 A 68.1-to-96.4GHz variable-gain low-noise amplifier in 28nm CMOS}},
    year = {2016},
    journal = {Digest of Technical Papers - IEEE International Solid-State Circuits Conference},
    author = {Vigilante, Marco and Reynaert, Patrick},
    pages = {360--362},
    volume = {59},
    isbn = {9781467394666},
    doi = {10.1109/ISSCC.2016.7418056},
    issn = {01936530}
}

@article{Dickson2005,
    title = {{30-100-GHz inductors and transformers for millimeter-wave (Bi)CMOS integrated circuits}},
    year = {2005},
    journal = {IEEE Transactions on Microwave Theory and Techniques},
    author = {Dickson, T.O. and LaCroix, M.-A. and Boret, Samuel and Gloria, Daniel and Beerkens, Rudy and Voinigescu, S.P.},
    number = {1},
    month = {1},
    pages = {123--133},
    volume = {53},
    url = {http://ieeexplore.ieee.org/lpdocs/epic03/wrapper.htm?arnumber=1381682},
    doi = {10.1109/TMTT.2004.839329},
    issn = {0018-9480},
    keywords = {Inductors, Millimeter wave, Mixer, Self-resonance frequency (SRF), Stacked inductors, Transformers, Voltage-controlled oscillator (VCO)}
}

@article{Bands2017,
    title = {{5G Spectrum Bands}},
    year = {2017},
    author = {Bands, Spectrum},
    pages = {1--5},
    url = {https://gsa.com/5g-spectrum-bands/}
}

@article{digitaleurope2018,
    title = {{5G Spectrum Policy Recommendations Recommendations on Commercial Spectrum for 5G in Europe}},
    year = {2018},
    url = {http://www.digitaleurope.org/DesktopModules/Bring2mind/DMX/Download.aspx?Command=Core_Download&EntryId=2595&language=en-US&PortalId=0&TabId=353}
}

@article{5GAmericas2017a,
    title = {{5G Spectrum Recommendations}},
    year = {2017},
    journal = {5G Americas White Paper on 5G Spectrum Recommendations},
    author = {{5G Americas}},
    pages = {29},
    url = {http://www.5gamericas.org/files/9114/9324/1786/5GA_5G_Spectrum_Recommendations_2017_FINAL.pdf}
}

@article{Shafi2017,
    title = {{5G: A tutorial overview of standards, trials, challenges, deployment, and practice}},
    year = {2017},
    journal = {IEEE Journal on Selected Areas in Communications},
    author = {Shafi, Mansoor and Molisch, Andreas F. and Smith, Peter J. and Haustein, Thomas and Zhu, Peiying and De Silva, Prasan and Tufvesson, Fredrik and Benjebbour, Anass and Wunder, Gerhard},
    number = {6},
    pages = {1201--1221},
    volume = {35},
    isbn = {0733-8716},
    doi = {10.1109/JSAC.2017.2692307},
    issn = {07338716},
    keywords = {5G, beamforming, cloud ran, massive MIMO, next generation core, testbeds, trials, waveforms}
}

@article{Majek2009a,
    title = {{60 GHz cascode LNA with interstage matching: Performance comparison between 130nm BiCMOS and 65nm CMOS-SOI technologies}},
    year = {2009},
    journal = {3rd International Conference on Signals, Circuits and Systems, SCS 2009},
    author = {Majek, C. and Severino, R. R. and Taris, T. and Deval, Y. and Mariano, A. and B??gueret, J. B. and Belot, D.},
    pages = {1--5},
    isbn = {9781424443987},
    doi = {10.1109/ICSCS.2009.5412569},
    keywords = {BiCMOS, CMOS-SOI, Interstage matching, LNA, Mm-waves}
}

@inproceedings{Winkler2005,
    title = {{60 GHz circuits in SiGe HBT technology}},
    year = {2005},
    booktitle = {IEEE Compound Semiconductor Integrated Circuit Symposium, 2005. CSIC '05.},
    author = {Winkler, W.},
    number = {0},
    pages = {109--112},
    publisher = {IEEE},
    url = {http://ieeexplore.ieee.org/document/1531777/},
    isbn = {0-7803-9250-7},
    doi = {10.1109/CSICS.2005.1531777},
    keywords = {- 60 ghz, amplifier, sige, transceiver, vco}
}

@article{Lu2010,
    title = {{60 GHz CPW Dual-Mode Rectangular Ring Bandpass Filter U sing Integrated Passive Devices Process}},
    year = {2010},
    journal = {2010 Asia-Pacific Microwave Conference},
    author = {Lu, Hsin-chia and Yeh, Chun-sung and Wei, Shuan-an and Chou, Yien-tien},
    pages = {1883--1886},
    url = {http://ieeexplore.ieee.org/document/5728335/},
    isbn = {978-4-902339-21-5}
}

@inproceedings{Rynkiewicz2017a,
    title = {{60 GHz planar filters and transmission lines characterization in 0.25Âµm BiCMOS technology}},
    year = {2017},
    booktitle = {2017 IEEE International Workshop of Electronics, Control, Measurement, Signals and their Application to Mechatronics (ECMSM)},
    author = {Rynkiewicz, Pedro and Franc, Anne-Laure and Prigent, Gaetan and Coccetti, Fabio and Wietstruck, Matthias and Kaynak, Mehmet},
    month = {5},
    pages = {1--5},
    publisher = {IEEE},
    url = {http://ieeexplore.ieee.org/document/7945914/},
    isbn = {978-1-5090-5582-1},
    doi = {10.1109/ECMSM.2017.7945914},
    pmid = {0},
    keywords = {2 nd -order dual, 3, a, and a, and its surface area, behavior resonator, cmos, coplanar waveguides, dbr, filter, integrated circuits, millimeter, miniaturization, planar filters, studied, two different topologies are, wave}
}

@book{Yong2010,
    title = {{60 GHz Technology for Gbps WLAN and WPAN}},
    year = {2010},
    booktitle = {60 GHz Technology for Gbps WLAN and WPAN: From Theory to Practice},
    author = {Yong, Su Khiong and Xia, Pengfei and Valdes-Garcia, Alberto},
    editor = {Yong, Su-Khiong SK and Xia, Pengfei and Valdes-Garcia, Alberto},
    month = {11},
    publisher = {John Wiley {\&} Sons, Ltd},
    url = {http://doi.wiley.com/10.1002/9780470972946},
    address = {Chichester, UK},
    isbn = {9780470972946},
    doi = {10.1002/9780470972946}
}

@inproceedings{Winkler2004,
    title = {{60 GHz transceiver circuits in SiGe:C BiCMOS technology}},
    year = {2004},
    booktitle = {Proceedings of the 30th European Solid-State Circuits Conference},
    author = {Winkler, W. and Borngraber, J. and Gustat, H. and Korndorfer, F.},
    number = {0},
    pages = {83--86},
    publisher = {IEEE},
    url = {http://ieeexplore.ieee.org/lpdocs/epic03/wrapper.htm?arnumber=1356623 http://ieeexplore.ieee.org/document/1356623/},
    isbn = {0-7803-8480-6},
    doi = {10.1109/ESSCIR.2004.1356623}
}

@phdthesis{Gustafson2014,
    title = {{60 GHz Wireless Propagation Channels : Characterization , Modeling and Evaluation}},
    year = {2014},
    author = {Gustafson, Carl},
    pages = {244},
    isbn = {9789176231838},
    keywords = {60 GHz, Beamforming, Human Bodies, Indoor Radio Channels, Multi-path Clustering, Propagation Channels, mmWave}
}

@inproceedings{Alvarado2007,
    title = {{60-GHz LNA using a hybrid transmission line and conductive path to ground technique in silicon}},
    year = {2007},
    booktitle = {Digest of Papers - IEEE Radio Frequency Integrated Circuits Symposium},
    author = {Alvarado, Javier and Kornegay, Kevin T. and Dawn, Debasis and Pinel, Stephane and Laskar, Joy},
    month = {6},
    pages = {685--688},
    publisher = {IEEE},
    url = {http://ieeexplore.ieee.org/document/4266523/},
    isbn = {1424405319},
    doi = {10.1109/RFIC.2007.380975},
    issn = {15292517},
    keywords = {60 GHz, Low-noise amplifier (LNA), Millimeter-wave bipolar integrated circuits, Noise figure, Sige, Transmission line, V-band, Wideband amplifier}
}

@inproceedings{Hsieh2011,
    title = {{60GHz high-gain low-noise amplifiers with a common-gate inductive feedback in 65nm CMOS}},
    year = {2011},
    booktitle = {Digest of Papers - IEEE Radio Frequency Integrated Circuits Symposium},
    author = {Hsieh, Hsieh Hung and Wu, Po Yi and Jou, Chewn Pu and Hsueh, Fu Lung and Huang, Guo Wei},
    month = {6},
    pages = {1--4},
    publisher = {IEEE},
    url = {http://ieeexplore.ieee.org/document/5940665/},
    isbn = {9781424482931},
    doi = {10.1109/RFIC.2011.5940665},
    issn = {15292517},
    keywords = {CMOS RF, common-gate inductive feedback, gain enhancement, low-noise amplifier (LNA), millimeter wave, wideband}
}

@inproceedings{To2007,
    title = {{60GHz LNA and 15GHz VCO design for use in broadband millimeter-wave WPAN system}},
    year = {2007},
    booktitle = {Proceedings of the IEEE Bipolar/BiCMOS Circuits and Technology Meeting},
    author = {To, K. and Welch, P. and Scheitlin, D. and Brown, B. and Hammock, D. and Tutt, M. and Morgan, D. and Braithwaite, S. and John, J. and Kirchgessner, J. and Huang, W. M.},
    pages = {210--213},
    isbn = {9781424410194},
    doi = {10.1109/BIPOL.2007.4351871},
    issn = {10889299}
}

@inproceedings{Reynolds2004a,
    title = {{60GHz transceiver circuits in SiGe bipolar technology}},
    year = {2004},
    booktitle = {2004 IEEE International Solid-State Circuits Conference (IEEE Cat. No.04CH37519)},
    author = {Reynolds, Scott and Floyd, Brian and Pfeiffer, Ullrich and Zwick, Thomas},
    number = {5},
    pages = {442--538},
    volume = {23},
    publisher = {IEEE},
    url = {http://ieeexplore.ieee.org/lpdocs/epic03/wrapper.htm?arnumber=1332784},
    isbn = {0-7803-8267-6},
    doi = {10.1109/ISSCC.2004.1332784},
    issn = {01936530}
}

@inproceedings{Haddadi2016,
    title = {{65 nm SOI CMOS 60 GHz passive mixer for six-port technology}},
    year = {2016},
    booktitle = {WiSNet 2016 - Proceedings, 2016 IEEE Topical Conference on Wireless Sensors and Sensor Networks},
    author = {Haddadi, Kamel and Loyez, Christophe},
    month = {1},
    pages = {52--55},
    publisher = {IEEE},
    url = {http://ieeexplore.ieee.org/lpdocs/epic03/wrapper.htm?arnumber=7444320},
    isbn = {9781509016907},
    doi = {10.1109/WISNET.2016.7444320},
    keywords = {CMOS, IQ demodulation, Six-port, millimeter-wave, multi-port}
}

@inproceedings{Gordon2006,
    title = {{65-GHz receiver in SiGe BiCMOS using monolithic inductors and transformers}},
    year = {2006},
    booktitle = {Digest of Papers. 2005 Topical Meeting on Silicon Monolithic Integrated Circuits in RF Systems, 2005.},
    author = {Gordon, M.Q. and Yao, Terry and Voinigescu, S.P.},
    month = {1},
    pages = {265--268},
    volume = {2006},
    publisher = {IEEE},
    url = {http://ieeexplore.ieee.org/lpdocs/epic03/wrapper.htm?arnumber=1587965 http://ieeexplore.ieee.org/document/1587965/},
    isbn = {0-7803-9472-0},
    doi = {10.1109/SMIC.2005.1587965},
    keywords = {65-GHz radio, Monolithic inductors and transformers, mm-wave LNA, mm-wave receiver}
}

@inproceedings{Yao2006,
    title = {{65GHz Doppler Sensor with On-Chip Antenna in 0.18{$\mu$}m SiGe BiCMOS}},
    year = {2006},
    booktitle = {2006 IEEE MTT-S International Microwave Symposium Digest},
    author = {Yao, Terry and Tchoketch-Kebir, Lamia and Yuryevich, Olga and Gordon, Michael and Voinigescu, Sorin},
    pages = {1493--1496},
    publisher = {IEEE},
    url = {http://ieeexplore.ieee.org/document/4015216/},
    isbn = {0-7803-9541-7},
    doi = {10.1109/MWSYM.2006.249575},
    issn = {0149645X},
    keywords = {BiCMOS integrated circuits, Doppler radar, Inductors, Microstrip antennae, Millimeter wave integrated circuits, Transformers}
}

@article{Hsu2008,
    title = {{70 GHz folded loop dual-mode bandpass filter fabricated using 0.18 {$\mu$}m standard CMOS technology}},
    year = {2008},
    journal = {IEEE Microwave and Wireless Components Letters},
    author = {Hsu, Cheng Ying and Chen, Chu Yu and Chuang, Huey Ru},
    number = {9},
    pages = {587--589},
    volume = {18},
    isbn = {1531-1309 VO - 18},
    doi = {10.1109/LMWC.2008.2002450},
    issn = {15311309},
    keywords = {70 GHz, Bandpass filter (BPF), CMOS, Dual mode, Folded loop dual-mode resonator (FLDR), Millimeter-wave, On-chip, Ring resonator}
}

@inproceedings{Pilard2010,
    title = {{94 GHz silicon co-integrated LNA and Antenna in a mm-wave dedicated BiCMOS technology}},
    year = {2010},
    booktitle = {2010 IEEE Radio Frequency Integrated Circuits Symposium},
    author = {Pilard, R. and Gloria, D. and Gianesello, F. and Le Pennec, F. and Person, C.},
    pages = {83--86},
    publisher = {IEEE},
    url = {http://ieeexplore.ieee.org/lpdocs/epic03/wrapper.htm?arnumber=5477390},
    isbn = {978-1-4244-6240-7},
    doi = {10.1109/RFIC.2010.5477390},
    issn = {15292517},
    keywords = {[Electronic Manuscript]}
}

@inproceedings{Sato2007,
    title = {{94-GHz Band High-Gain and Low-Noise Amplifier Using InP-HEMTs for Passive Millimeter Wave Imager}},
    year = {2007},
    booktitle = {2007 IEEE/MTT-S International Microwave Symposium},
    author = {Sato, M. and Hirose, T. and Ohki, T. and Sato, H. and Sawaya, K. and Mizuno, K.},
    month = {6},
    pages = {1775--1778},
    volume = {2},
    publisher = {IEEE},
    url = {http://ieeexplore.ieee.org/lpdocs/epic03/wrapper.htm?arnumber=4264199},
    isbn = {1-4244-0687-0},
    doi = {10.1109/MWSYM.2007.380074},
    issn = {0149-645X},
    keywords = {Amplifier, Gain, HEMT, Microstrip, Millimeter wave imaging, Noise}
}

@article{Taris2016,
    title = {{A 0 . 9V body effect feedback 2 GHz Low Noise Amplifier}},
    year = {2016},
    author = {Taris, Thierry and Begueret, Jean Baptiste and Lapuyade, HervÃ© and Deval, Yann},
    number = {June},
    pages = {9--12},
    isbn = {9781509016662}
}

@article{Steyaert2014,
    title = {{A 0.54 THz signal generator in 40 nm bulk CMOS with 22 GHz tuning range and integrated planar antenna}},
    year = {2014},
    journal = {IEEE Journal of Solid-State Circuits},
    author = {Steyaert, Wouter and Reynaert, Patrick},
    number = {7},
    pages = {1617--1626},
    volume = {49},
    isbn = {9781479906437},
    doi = {10.1109/JSSC.2014.2319251},
    issn = {00189200},
    keywords = {CMOS, VCO, dielectric contrast, harmonic, imaging, on-chip antenna, signal generator, sub-mm wave, terahertz (THz)}
}

@inproceedings{Weyers2008,
    title = {{A 22.3dB Voltage Gain 6.1dB NF 60GHz LNA in 65nm CMOS with Differential Output}},
    year = {2008},
    booktitle = {2008 IEEE International Solid-State Circuits Conference - Digest of Technical Papers},
    author = {Weyers, Christopher and Mayr, Pierre and Kunze, Johannes W. and Langmann, Ulrich},
    month = {2},
    pages = {192--606},
    volume = {51},
    publisher = {IEEE},
    url = {http://ieeexplore.ieee.org/lpdocs/epic03/wrapper.htm?arnumber=4523122},
    isbn = {978-1-4244-2010-0},
    doi = {10.1109/ISSCC.2008.4523122},
    issn = {0193-6530}
}

@article{Tsai2007,
    title = {{A 25-75 GHz broadband Gilbert-cell mixer using 90-nm CMOS technology}},
    year = {2007},
    journal = {IEEE Microwave and Wireless Components Letters},
    author = {Tsai, Jeng Han and Wu, Pei Si and Lin, Chin Shen and Huang, Tian Wei and Chern, John G J and Huang, Wen Chu},
    number = {4},
    pages = {247--249},
    volume = {17},
    doi = {10.1109/LMWC.2007.892934},
    issn = {15311309},
    keywords = {CMOS, Gilbert-cell, Millimeter-wave (MMW), Mixer, Monolithic microwave integrated circuit (MMIC)}
}

@inproceedings{Agarwal2014,
    title = {{A 4.8 mW, 4.4 dB NF, wideband LNA using positively coupled transformer for V-band applications}},
    year = {2014},
    booktitle = {IEEE MTT-S International Microwave Symposium Digest},
    author = {Agarwal, Pawan and Sah, Suman P. and Heo, Deukhyoun},
    month = {6},
    pages = {1--3},
    publisher = {IEEE},
    url = {http://ieeexplore.ieee.org/document/6848638/},
    isbn = {9781479938698},
    doi = {10.1109/MWSYM.2014.6848638},
    issn = {0149645X},
    keywords = {BiCMOS, Low Noise Amplifiers, SiGe, Transformers, V-band, mm-wave}
}

@inproceedings{Hadipour2015,
    title = {{A 40GHz to 67GHz bandwidth 23dB gain 5.8dB maximum NF mm-Wave LNA in 28nm CMOS}},
    year = {2015},
    booktitle = {Digest of Papers - IEEE Radio Frequency Integrated Circuits Symposium},
    author = {Hadipour, Kambiz and Ghilioni, Andrea and Mazzanti, Andrea and Bassi, Matteo and Svelto, Francesco},
    pages = {327--330},
    volume = {2015-Novem},
    isbn = {9781479976416},
    doi = {10.1109/RFIC.2015.7337771},
    issn = {15292517},
    keywords = {CMOS integrated circuits, Low-noise amplifiers, Low-power electronics, Millimeter wave integrated circuits, Wideband}
}

@inproceedings{Jin2011,
    title = {{A 4dB NF 60GHz-band low-noise amplifier with balanced outputs}},
    year = {2011},
    booktitle = {2011 IEEE Bipolar/BiCMOS Circuits and Technology Meeting},
    author = {Jin, Yanyu and Long, John R. and Spirito, Marco},
    month = {10},
    pages = {115--118},
    volume = {1},
    publisher = {IEEE},
    url = {http://ieeexplore.ieee.org/document/6082761/},
    isbn = {978-1-61284-166-3},
    doi = {10.1109/BCTM.2011.6082761},
    issn = {10889299},
    keywords = {60GHz receiver front-end, Millimeter-wave low-noise amplifier (LNA), active balun}
}

@article{Karaca2017,
    title = {{A 53-117 GHz LNA in 28-nm FDSOI CMOS}},
    year = {2017},
    journal = {IEEE Microwave and Wireless Components Letters},
    author = {Karaca, Denizhan and Varonen, Mikko and Parveg, Dristy and Vahdati, Ali and Halonen, Kari A.I.},
    number = {2},
    pages = {171--173},
    volume = {27},
    doi = {10.1109/LMWC.2016.2646912},
    issn = {15311309},
    keywords = {Amplifier, CMOS, LNA, W-band, broadband amplifiers, millimeter-wave integrated circuits}
}

@misc{Yu2017,
    title = {{A 54.4-90 GHz Low-Noise Amplifier in 65-nm CMOS}},
    year = {2017},
    booktitle = {IEEE Journal of Solid-State Circuits},
    author = {Yu, Yiming and Liu, Huihua and Wu, Yunqiu and Kang, Kai},
    number = {11},
    volume = {52},
    doi = {10.1109/JSSC.2017.2727040},
    issn = {00189200},
    keywords = {Bandwidth, Broadband, Gain, Inductors, Logic gates, Noise measurement, Topology, Transistors, low-noise amplifier (LNA), millimeter wave (mm wave), noise figure (NF), radio-frequency integrated circuit, transformer.}
}

@inproceedings{Tsai2012a,
    title = {{A 56-67 GHz low-noise amplifier with 5.1-dB NF and 2.5-kV HBM ESD protection in 65-nm CMOS}},
    year = {2012},
    booktitle = {Asia-Pacific Microwave Conference Proceedings, APMC},
    author = {Tsai, Ming Hsien and Hsieh, Hsieh Hung and Lin, Chun Yu and Chu, Li Wei and Hsu, Shawn S.H. and Jin, Jun De and Yeh, Tzu Jin and Jou, Chewn Pu and Hsueh, Fu Lung and Ker, Ming Dou},
    pages = {747--749},
    isbn = {9781457713309},
    doi = {10.1109/APMC.2012.6421722},
    keywords = {CMOS, electrostatic discharge (ESD), low-noise amplifier (LNA), millimeter wave (mm-Wave)}
}

@article{Chong2014,
    title = {{A 60 GHz down-conversion mixer using a novel topology in 65 nm CMOS}},
    year = {2014},
    journal = {2014 10th Conference on Ph.D. Research in Microelectronics and Electronics (PRIME)},
    author = {Chong, Wang and Zhiqun, Li and Qin, Li and Yang, Liu and Jia, Cao and Zhigong, Wang},
    month = {6},
    pages = {1--4},
    publisher = {IEEE},
    url = {http://ieeexplore.ieee.org/document/6872660/},
    isbn = {9781479949946},
    doi = {10.1109/PRIME.2014.6872660},
    keywords = {Gilbert cell, MMW, broadband, conversion gain, mixer, â60 GHz}
}

@inproceedings{Kang2010,
    title = {{A 60 GHz LNA with 18.6 dB gain and 5.7 dB NF in 90nm CMOS}},
    year = {2010},
    booktitle = {2010 International Conference on Microwave and Millimeter Wave Technology, ICMMT 2010},
    author = {Kang, Kai and Brinkhoff, James and Lin, Fujiang},
    month = {5},
    pages = {164--167},
    publisher = {IEEE},
    url = {http://ieeexplore.ieee.org/document/5525259/},
    isbn = {9781424457052},
    doi = {10.1109/ICMMT.2010.5525259},
    issn = {1098-2760},
    keywords = {CMOS, Low noise amplifier, Microstrip, Millimeter wave}
}

@inproceedings{Laha2013,
    title = {{A 60 GHz tunable LNA in 32 nm double gate MOSFET for a wireless NoC architecture}},
    year = {2013},
    booktitle = {2013 IEEE 14th Annual Wireless and Microwave Technology Conference, WAMICON 2013},
    author = {Laha, Soumyasanta and Kaya, Savas and Kodi, Avinash and Ditomaso, Dominic and Matolak, David},
    month = {4},
    pages = {1--4},
    publisher = {IEEE},
    url = {http://ieeexplore.ieee.org/lpdocs/epic03/wrapper.htm?arnumber=6572763},
    isbn = {9781467355360},
    doi = {10.1109/WAMICON.2013.6572763}
}

@inproceedings{Byeon2012,
    title = {{A 60 GHz Variable Gain Amplifier with a Low Phase Imbalance in 0.18 {\&}{\#}956;m SiGe BiCMOS Technology}},
    year = {2012},
    booktitle = {2012 IEEE Compound Semiconductor Integrated Circuit Symposium (CSICS)},
    author = {Byeon, Chul Woo and Song, In Sang and Cho, Seong Jun and Kim, Hong Yi and Lee, Chaejun and Park, Chul Soon},
    month = {10},
    pages = {1--4},
    publisher = {IEEE},
    url = {http://ieeexplore.ieee.org/document/6340101/},
    isbn = {978-1-4673-0929-5},
    doi = {10.1109/CSICS.2012.6340101},
    keywords = {BiCMOS analogue integrated circuits, BiCMOS integrated circuits, BiCMOS technology, Gain, Gain measurement, Ge-Si alloys, Inductors, Loss measurement, Phased arrays, RMS phase imbalance, SiGe, Silicon germanium, field effect MIMIC, frequency 57 GHz to 66 GHz, gain 1 dB, gain 2.7 dB to 17.7 dB, low phase imbalance, millimetre wave amplifiers, phase compensation technique, phase imbalance minimization, power 50 mW, size 0.18 mum, variable gain amplifier, voltage 3.3 V}
}

@article{Razavi2006,
    title = {{A 60-GHz CMOS Receiver Front-End}},
    year = {2006},
    journal = {IEEE Journal of Solid-State Circuits},
    author = {Razavi, B.},
    number = {1},
    month = {1},
    pages = {17--22},
    volume = {41},
    url = {http://ieeexplore.ieee.org/lpdocs/epic03/wrapper.htm?arnumber=1564341 http://ieeexplore.ieee.org/document/1564341/},
    isbn = {0018-9200},
    doi = {10.1109/JSSC.2005.858626},
    issn = {0018-9200},
    keywords = {0.13 micron, 1.2 V, 12.5 dB, 28 dB, 60 GHz, 9 mW, CMOS technology, Folded microstrip geometry, Millimeter wave circuits, Mixers, Receiver front end, Wireless communications}
}

@inproceedings{Mitomo2008,
    title = {{A 60-GHz CMOS receiver front-end with frequency synthesizer}},
    year = {2008},
    booktitle = {IEEE Journal of Solid-State Circuits},
    author = {Mitomo, Toshiya and Fujimoto, Ryuichi and Ono, Naoko and Tachibana, Ryoichi and Hoshino, Hiroaki and Yoshihara, Yoshiaki and Tsutsumi, Yukako and Seto, Ichiro},
    number = {4},
    pages = {1030--1036},
    volume = {43},
    isbn = {0018-9200},
    doi = {10.1109/JSSC.2008.917557},
    issn = {00189200},
    keywords = {60 GHz, CMOS, LNA, Millimeter wave, Mixer, Receiver, Synthesizer}
}

@article{Kuo2013,
    title = {{A 60-GHz CMOS sub-harmonic RF receiver with integrated on-chip artificial-magnetic-conductor Yagi antenna and balun bandpass filter for very-short-range gigabit communications}},
    year = {2013},
    journal = {IEEE Transactions on Microwave Theory and Techniques},
    author = {Kuo, Hsin Chih and Yue, Han Lin and Ou, Ya Wen and Lin, Chien Chih and Chuang, Huey Ru},
    number = {4},
    pages = {1681--1691},
    volume = {61},
    doi = {10.1109/TMTT.2013.2247622},
    issn = {00189480},
    keywords = {60 GHz, Artificial magnetic conductor (AMC), CMOS single-chip radio, Yagi antenna, balun bandpass filter (BPF), bit error rate (BER), error vector magnitude (EVM), low-noise amplifier (LNA), sub-harmonic mixer (SHM), very short range (VSR)}
}

@inproceedings{Emami2005,
    title = {{A 60-GHz down-converting CMOS single-gate mixer}},
    year = {2005},
    booktitle = {RFIC Symposium, 2005. Digest of Papers. 2005 IEEE Radio Frequency integrated Circuits},
    author = {Emami, Sohrab and Doan, CH and Niknejad, A.M. and Brodersen, R.W.},
    pages = {163--166},
    publisher = {IEEE},
    url = {http://ieeexplore.ieee.org/xpls/abs_all.jsp?arnumber=1489619\nhttp://ieeexplore.ieee.org/lpdocs/epic03/wrapper.htm?arnumber=1489619 http://ieeexplore.ieee.org/lpdocs/epic03/wrapper.htm?arnumber=1489619},
    isbn = {0-7803-8983-2},
    doi = {10.1109/RFIC.2005.1489619},
    issn = {1526-4602},
    pmid = {21714569}
}

@article{HsuCheng-Ying2008,
    title = {{A 60-GHz Millimeter-Wave Bandpass Filter Using 0.18{\$}{\textbackslash}mu{\$}m CMOS Technology}},
    year = {2008},
    journal = {IEEE Electron Device Letters},
    author = {{Hsu Cheng-Ying} and {Chen Chu-Yu} and {Chuang Huey-Ru}},
    number = {3},
    month = {3},
    pages = {246--248},
    volume = {29},
    url = {http://ieeexplore.ieee.org/lpdocs/epic03/wrapper.htm?arnumber=4441940},
    isbn = {0741-3106 VO - 29},
    doi = {10.1109/LED.2007.915369},
    issn = {0741-3106},
    keywords = {60 GHz, Bandpass filter, CMOS filter design, CMOS integrated circuits, RF integrated circuit (RFIC)-on-chip, RF-integrated-circuit-on-chip, band-pass filters, complementary metal{\&}{\#}x02013, complementary metal{\&}{\#}x2013, dual mode, dual-transmission zeros, frequency 60 GHz, frequency 64 GHz, insertion loss, loss 4.9 dB, millimeter-wave, millimeter-wave bandpass filter, millimetre wave filters, millimetre wave integrated circuits, oxide{\&}{\#}x02013, oxide{\&}{\#}x2013, planar ring resonator structure, ring resonator, semicond, semiconduc, size 0.18 mum, standard CMOS process}
}

@article{Reynolds2004,
    title = {{A 60-GHz superheterodyne downconversion mixer in silicon-germanium bipolar technology}},
    year = {2004},
    journal = {IEEE Journal of Solid-State Circuits},
    author = {Reynolds, S.K.},
    number = {11},
    month = {11},
    pages = {2065--2068},
    volume = {39},
    url = {http://ieeexplore.ieee.org/lpdocs/epic03/wrapper.htm?arnumber=1347340},
    doi = {10.1109/JSSC.2004.835838},
    issn = {0018-9200},
    keywords = {MMIC, Millimeter-wave frequency, Mixers, Receivers, SiGe}
}

@article{Yu2008,
    title = {{A 60-GHz, 14{\%} tuning range, multi-band VCO with a single variable inductor}},
    year = {2008},
    journal = {Proceedings of 2008 IEEE Asian Solid-State Circuits Conference, A-SSCC 2008},
    author = {Yu, Chi Yao and Chen, Wei Zen and Wu, Chung Yu and Lu, Tai You},
    pages = {129--132},
    volume = {1},
    isbn = {9781424426058},
    doi = {10.1109/ASSCC.2008.4708746}
}

@inproceedings{Wang2011,
    title = {{A 60GHz LNA with 4.7dB NF and 18dB gain using interstage impedance matching technique in 90nm CMOS}},
    year = {2011},
    booktitle = {2011 IEEE International Conference on Microwave Technology {\&} Computational Electromagnetics},
    author = {Wang, Cetian and Hao, Yang and Haiying, Zhang and Kang, Kai and Tang, Zongxi},
    month = {5},
    pages = {270--273},
    publisher = {IEEE},
    url = {http://ieeexplore.ieee.org/document/5915509/},
    isbn = {978-1-4244-8556-7},
    doi = {10.1109/ICMTCE.2011.5915509},
    keywords = {CPW, Interstage impedance matching technique, LNA, SNIM}
}

@inproceedings{Vecchi2010,
    title = {{A 60GHz receiver with 13GHz bandwidth for Gbit/s wireless links in 65nm CMOS}},
    year = {2010},
    booktitle = {2010 IEEE International Conference on Integrated Circuit Design and Technology, ICICDT 2010},
    author = {Vecchi, Federico and Bozzola, Stefano and Pozzoni, Massimo and Guermandi, Davide and Temporiti, Enrico and Repossi, Matteo and Decanis, Ugo and Mazzanti, Andrea and Svelto, Francesco},
    month = {6},
    pages = {228--231},
    publisher = {IEEE},
    url = {http://ieeexplore.ieee.org/document/5510248/},
    isbn = {9781424457748},
    doi = {10.1109/ICICDT.2010.5510248}
}

@article{Wang2006,
    title = {{A 60GHz transmitter with integrated antenna in 0.18/spl mu/m SiGe BiCMOS technology}},
    year = {2006},
    journal = {2006 IEEE International Solid State Circuits Conference - Digest of Technical Papers},
    author = {Wang, Chi-Hsueh Wang Chi-Hsueh and Cho, Yi-Hsien Cho Yi-Hsien and Lin, Chin-Shen Lin Chin-Shen and Wang, Huei Wang Huei and Chen, Chun-Hsiung Chen Chun-Hsiung and Niu, Dow-Chih Niu Dow-Chih and Yeh, J. and Lee, Chwan-Ying Lee Chwan-Ying and Chern, J.},
    number = {2},
    pages = {305--312},
    volume = {52},
    isbn = {1-4244-0079-1},
    doi = {10.1109/ISSCC.2006.1696104},
    issn = {0193-6530}
}

@article{Huang2016,
    title = {{A 65 nm CMOS LNA for Bolometer Application}},
    year = {2016},
    journal = {Journal of Infrared, Millimeter, and Terahertz Waves},
    author = {Huang, Tom Nan and Boon, Chirn Chye and Zhu, Forest Xi and Yi, Xiang and He, Xiaofeng and Feng, Guangyin and Lim, Wei Meng and Liu, Bei},
    number = {4},
    month = {4},
    pages = {356--372},
    volume = {37},
    url = {http://link.springer.com/10.1007/s10762-016-0244-2},
    doi = {10.1007/s10762-016-0244-2},
    issn = {1866-6892},
    keywords = {Bolometer, CMOS, Low-noise amplifier, Passive imaging}
}

@inproceedings{Gilreath2010,
    title = {{A 94-GHz passive imaging receiver using a balanced LNA with embedded Dicke switch}},
    year = {2010},
    booktitle = {2010 IEEE Radio Frequency Integrated Circuits Symposium},
    author = {Gilreath, Leland and Jain, Vipul and Yao, Hsin-Cheng and Zheng, Le and Heydari, Payam},
    pages = {79--82},
    publisher = {IEEE},
    url = {http://ieeexplore.ieee.org/lpdocs/epic03/wrapper.htm?arnumber=5477289},
    isbn = {978-1-4244-6240-7},
    doi = {10.1109/RFIC.2010.5477289},
    issn = {15292517},
    keywords = {BiCMOS, Low-noise amplifiers, Millimeter-wave, Passive imaging, Power detectors, SiGe, W-band}
}

@inproceedings{Pirinen2014,
    title = {{A Brief Overview of 5G Research Activities}},
    year = {2014},
    booktitle = {Proceedings of the 1st International Conference on 5G for Ubiquitous Connectivity},
    author = {Pirinen, Pekka},
    pages = {17--22},
    publisher = {ICST},
    url = {http://eudl.eu/doi/10.4108/icst.5gu.2014.258061},
    isbn = {978-1-63190-055-6},
    doi = {10.4108/icst.5gu.2014.258061},
    keywords = {5G mobile communication, 5G research activities, 5G wireless communication networks, Computer architecture, Europe, European Union 5G related projects, IEEE Communications Magazine 5G issues, Image edge detection, Joints, Microprocessors, Mobile communication, Synchronization, capacity boosting technologies, core 5G system concept, flexible enough system concept platform, low latency, massive connectivity, telecommunication network management, telecommunication network reliability, ultra-reliable communications}
}

@article{El-Nozahi2009,
    title = {{A CMOS low-noise amplifier with reconfigurable input matching network}},
    year = {2009},
    journal = {IEEE Transactions on Microwave Theory and Techniques},
    author = {El-Nozahi, Mohamed and Sanchez-Sinencio, Edgar and Entesari, Kamran},
    number = {5},
    pages = {1054--1062},
    volume = {57},
    isbn = {0018-9480},
    doi = {10.1109/TMTT.2009.2017249},
    issn = {00189480},
    keywords = {Low-noise amplifier (LNA), Reconfigurable input matching network, Tunable inductor}
}

@article{Rynkiewicz2016,
    title = {{A compact millimeter-wave dual-mode ring filter using loaded capacitances in CMOS 0.25{$\mu$}m technology}},
    year = {2016},
    journal = {IEEE MTT-S International Microwave Symposium Digest},
    author = {Rynkiewicz, Pedro and Franc, Anne Laure and Coccetti, Fabio and Wietstruck, Matthias and Kaynak, Mehmet and Prigent, Gaetan},
    pages = {4--7},
    volume = {2016-Augus},
    isbn = {9781509006984},
    doi = {10.1109/MWSYM.2016.7540058},
    issn = {0149645X},
    keywords = {CMOS, Planar filters, integrated circuits, millimeter wave, miniaturization}
}

@inproceedings{Zhang2008a,
    title = {{A compact V-band planar wideband bandpass filter based on Liquid Crystal Polymer substrates}},
    year = {2008},
    booktitle = {2008 2nd Electronics Systemintegration Technology Conference},
    author = {{Xia Zhang} and Kuylenstierna, Dan and Liu, Johan and {Peng Cai} and Andersson, Cristina and Morris, James and Zirath, Herbert},
    month = {9},
    pages = {163--168},
    publisher = {IEEE},
    url = {http://ieeexplore.ieee.org/document/4684343/},
    isbn = {978-1-4244-2813-7},
    doi = {10.1109/ESTC.2008.4684343}
}

@inproceedings{Voinigescu2004,
    title = {{A comparison of Si CMOS, SiGe BiCMOS, and InP HBT technologies for high-speed and millimeter-wave ICs}},
    year = {2004},
    booktitle = {Digest of Papers. 2004 Topical Meeting onSilicon Monolithic Integrated Circuits in RF Systems, 2004.},
    author = {Voinigescu, S.P. and Dickson, T.O. and Beerkens, R. and Khalid, I. and Westgaard, P.},
    pages = {111--114},
    publisher = {IEEE},
    url = {http://ieeexplore.ieee.org/lpdocs/epic03/wrapper.htm?arnumber=1398180},
    isbn = {0-7803-8703-1},
    doi = {10.1109/SMIC.2004.1398180}
}

@inproceedings{Chen2013,
    title = {{A digitally modulated mm-Wave cartesian beamforming transmitter with quadrature spatial combining}},
    year = {2013},
    booktitle = {Digest of Technical Papers - IEEE International Solid-State Circuits Conference},
    author = {Chen, Jiashu and Ye, Lu and Titz, Diane and Gianesello, Fred and Pilard, Romain and Cathelin, Andreia and Ferrero, Fabien and Luxey, Cyril and Niknejad, Ali M.},
    month = {2},
    pages = {232--233},
    volume = {56},
    publisher = {IEEE},
    url = {http://ieeexplore.ieee.org/lpdocs/epic03/wrapper.htm?arnumber=6487713},
    isbn = {9781467345132},
    doi = {10.1109/ISSCC.2013.6487713},
    issn = {01936530}
}

@article{Sun2011,
    title = {{A Dual-Band Bandpass Filter Using a Single Dual-Mode Ring Resonator}},
    year = {2011},
    journal = {IEEE Microwave and Wireless Components Letters},
    author = {Sun, Sheng},
    number = {6},
    month = {6},
    pages = {298--300},
    volume = {21},
    url = {http://ieeexplore.ieee.org/lpdocs/epic03/wrapper.htm?arnumber=5766789},
    isbn = {9781424428021},
    doi = {10.1109/LMWC.2011.2132119},
    issn = {1531-1309},
    keywords = {Bandpass filter (BPF), dual-mode dual-band, isolation, ring resonator, transmission zeros}
}

@article{LapKunYeung2007,
    title = {{A Dual-Band Coupled-Line Balun Filter}},
    year = {2007},
    journal = {IEEE Transactions on Microwave Theory and Techniques},
    author = {{Lap Kun Yeung} and {Ke-Li Wu}},
    number = {11},
    month = {11},
    pages = {2406--2411},
    volume = {55},
    url = {http://ieeexplore.ieee.org/lpdocs/epic03/wrapper.htm?arnumber=4359083},
    doi = {10.1109/TMTT.2007.907402},
    issn = {0018-9480},
    keywords = {Balun, Coupled line, Dual-band filter, Low-temperature co-fired ceramic (LTCC), Stepped-impedance resonator (SIR)}
}

@article{Karacaoglu1993,
    title = {{A dual-mode microstrip ring resonator filter with active devices for loss compensation}},
    year = {1993},
    journal = {1993 IEEE MTT-S International Microwave Symposium Digest},
    author = {Karacaoglu, U. Karacaoglu U. and Robertson, I.D. Robertson I.D. and Guglielmi, M. Guglielmi M.},
    pages = {189--192},
    isbn = {0-7803-1209-0},
    doi = {10.1109/MWSYM.1993.276913},
    issn = {0149-645X}
}

@inproceedings{Sun2005a,
    title = {{A fully integrated 60 GHz LNA in SiGe:C BiCMOS technology}},
    year = {2005},
    booktitle = {Proceedings of the Bipolar/BiCMOS Circuits and Technology Meeting, 2005.},
    author = {Sun, Y and Borngraber, J and Herzel, F and Winkler, W},
    month = {10},
    pages = {14--17},
    publisher = {IEEE},
    url = {http://ieeexplore.ieee.org/xpls/abs_all.jsp?arnumber=1555191 http://ieeexplore.ieee.org/lpdocs/epic03/wrapper.htm?arnumber=1555191 http://ieeexplore.ieee.org/document/1555191/},
    isbn = {0-7803-9309-0},
    doi = {10.1109/BIPOL.2005.1555191},
    issn = {10889299},
    keywords = {BiCMOS integrated circuits, Ge-Si alloys, MMIC ampli}
}

@inproceedings{Glisic2011,
    title = {{A fully integrated 60 GHz transmitter front-end in SiGe BiCMOS technology}},
    year = {2011},
    booktitle = {2011 IEEE 11th Topical Meeting on Silicon Monolithic Integrated Circuits in RF Systems, SiRF 2011 - Digest of Papers},
    author = {Glisic, Srdjan and Schmalz, Klaus and Herzel, Frank and Wang, Rouyu and Elkhouly, Mohamed and Sun, Yaoming and Scheytt, Johann Christoph},
    pages = {149--152},
    isbn = {9781424480593},
    doi = {10.1109/SIRF.2011.5719304},
    keywords = {60 GHz, Multi-gigabit, SiGe, Single-chip, TX}
}

@article{Saito2013,
    title = {{A Fully Integrated 60-GHz CMOS Transceiver Chipset Based on WiGig/IEEE 802.11ad With Built-In Self Calibration for Mobile Usage}},
    year = {2013},
    journal = {IEEE Journal of Solid-State Circuits},
    author = {Saito, Noriaki and Tsukizawa, Takayuki and Shirakata, Naganori and Morita, Tadashi and Tanaka, Koichiro and Sato, Junji and Morishita, Yohei and Kanemaru, Masaki and Kitamura, Ryo and Shima, Takahiro and Nakatani, Toshifumi and Miyanaga, Kenji and Urushihara, Tomoya and Yoshikawa, Hiroyuki and Sakamoto, Takenori and Motozuka, Hiroyuki and Shirakawa, Yoshinori and Yosoku, Naoya and Yamamoto, Akira and Shiozaki, Ryosuke and Takinami, Koji},
    number = {12},
    month = {12},
    pages = {3146--3159},
    volume = {48},
    url = {http://ieeexplore.ieee.org/lpdocs/epic03/wrapper.htm?arnumber=6589015 http://ieeexplore.ieee.org/document/6589015/},
    isbn = {9781467345132},
    doi = {10.1109/JSSC.2013.2279573},
    issn = {0018-9200},
    keywords = {60 GHz, Built-in Self Calibration (BiSC), CMOS, Direct conversion, Frequency domain equalizer (FDE), IEEE 802.11ad, Transceiver, WiGig}
}

@article{Lei2014,
    title = {{A fully integrated 60GHz four channel CMOS receiver with 7GHz ultra-wide bandwidth for IEEE 802.11ad standard}},
    year = {2014},
    journal = {China Communications},
    author = {Zhang, Lei and Zhou, Chunyuan and Wang, Hongrui and Wang, Yan and Qian, He and Yu, Zhiping},
    number = {6},
    month = {6},
    pages = {42--50},
    volume = {11},
    url = {http://ieeexplore.ieee.org/document/6879002/},
    doi = {10.1109/CC.2014.6879002},
    issn = {16735447},
    keywords = {60GHz, CMOS, Four channel, LNA, Receiver}
}

@inproceedings{Natarajan2011,
    title = {{A fully-integrated 16-element phased-array receiver in SiGe BiCMOS for 60-GHz communications}},
    year = {2011},
    booktitle = {IEEE Journal of Solid-State Circuits},
    author = {Natarajan, Arun and Reynolds, Scott K. and Tsai, Ming Da and Nicolson, Sean T. and Zhan, Jing Hong Conan and Kam, Dong Gun and Liu, Duixian and Huang, Yen Lin Oscar and Valdes-Garcia, Alberto and Floyd, Brian A.},
    number = {5},
    pages = {1059--1075},
    volume = {46},
    isbn = {0018-9200 VO - 46},
    doi = {10.1109/JSSC.2011.2118110},
    issn = {00189200},
    keywords = {60 GHz, 802.11 ad, 802.15.3 c, Beamforming, BiCMOS, RF-path phase-shifting, SiGe, WiGig, millimeter-wave, noise, phased array, power combiners, power splitter, receiver}
}

@article{Pokharel2011,
    title = {{A high selectivity, low insertion loss 60GHz-band on-chip 4-pole band pass filter for millimeter wave CMOS SoC}},
    year = {2011},
    journal = {2011 European Microwave Integrated Circuits Conference (EuMIC)},
    author = {Pokharel, Rk and Liu, Xin},
    number = {October},
    pages = {660--663},
    url = {http://ieeexplore.ieee.org/xpls/abs_all.jsp?arnumber=6101788},
    isbn = {9782874870231},
    keywords = {[Electronic Manuscript]}
}

@article{Frye2007,
    title = {{A hybrid coupled-resonator bandpass filter topology implemented on lossy semiconductor sfile:///home/rsmarinho/Downloads/08262128.pdfubstrates}},
    year = {2007},
    journal = {IEEE MTT-S International Microwave Symposium Digest},
    author = {Frye, Robert C. and Liu, Kai and Badakere, Guruprasad and Lin, Yaojian},
    pages = {1757--1760},
    isbn = {1424406889},
    doi = {10.1109/MWSYM.2007.380069},
    issn = {0149645X},
    keywords = {Bandpass filters, Circuit topology, Passive circuits, Thin-film inductors}
}

@article{Zhu1999,
    title = {{A joint field/circuit model of line-to-ring coupling structures and its application to the design of microstrip dual-mode filters and ring resonator circuits}},
    year = {1999},
    journal = {IEEE Transactions on Microwave Theory and Techniques},
    author = {Zhu, Lei},
    number = {10},
    pages = {1938--1948},
    volume = {47},
    isbn = {0780351355},
    doi = {10.1109/22.795067},
    issn = {00189480},
    keywords = {CAD, Dual-mode filter, Generic model, Method of moments, Microstrip ring resonator}
}

@article{Wu2007,
    title = {{A Low Power V-band Low Noise Amplifier Using 0.13-{\&}amp;amp;{\#}x003BC;m CMOS Technology}},
    year = {2007},
    journal = {2007 14th IEEE International Conference on Electronics, Circuits and Systems},
    author = {Wu, Chung-Yu Wu Chung-Yu and Chen, Po-Hung Chen Po-Hung},
    pages = {1328--1331},
    isbn = {978-1-4244-1377-5},
    doi = {10.1109/ICECS.2007.4511243},
    keywords = {CMOS, V-band, LNA, noise figure}
}

@article{Razavi2013,
    title = {{A Low-Power 60-GHz CMOS Transceiver for WiGig Applications}},
    year = {2013},
    journal = {VLSI Circuits (VLSIC), {\ldots}},
    author = {Razavi, B and Soe, Z and Tham, a and Chen, J and Dai, D and Lu, M and Khalil, a and Ma, H and Lakkis, I and Law, H},
    pages = {300--301},
    url = {http://www.seas.ucla.edu/brweb/papers/Conferences/BRVLSI13.pdf},
    isbn = {9784863483484},
    keywords = {C24-4 A Low-Power 60-GHz CMOS Transceiver for WiGi}
}

@article{Lee2010,
    title = {{A low-power low-cost fully-integrated 60-GHz transceiver system with OOK modulation and on-board antenna assembly}},
    year = {2010},
    journal = {IEEE Journal of Solid-State Circuits},
    author = {Lee, Jri and Chen, Yentso and Huang, Yenlin},
    number = {2},
    pages = {264--275},
    volume = {45},
    isbn = {1424434580},
    doi = {10.1109/JSSC.2009.2034806},
    issn = {00189200},
    keywords = {60-GHz RF, Demodulator, Folded dipole antenna, Low-noise amplifier (LNA), Mixer, Modulator, On-off keying (OOK), Patch antenna array, Power amplifier (PA), Voltage-controlled oscillator (VCO), Wireless transceiver}
}

@article{El-Nozahi2010,
    title = {{A millimeter-wave (2332 GHz) wideband biCMOS low-noise amplifier}},
    year = {2010},
    journal = {IEEE Journal of Solid-State Circuits},
    author = {El-Nozahi, Mohamed and S??nchez-Sinencio, Edgar and Entesari, Kamran},
    number = {2},
    pages = {289--299},
    volume = {45},
    isbn = {0018-9200},
    doi = {10.1109/JSSC.2009.2038126},
    issn = {00189200},
    keywords = {BiCMOS, Coupled-resonators, Low-noise amplifier, Millimeter-wave, Wideband}
}

@article{Raghavan,
    title = {{A millimeter-wave linear low noise amplifier in SiGe HBT technology with substrate parasitic model}},
    year = {2004},
    journal = {European Microwave Conference},
    author = {Raghavan, A and Jalan, Umesh and Chakraborty, Sudipto and Lee, C H and Laskar, Joy and Chen, Emery and Lee, J S and Cressler, J D and Freeman, Greg and Joseph, Alvin},
    pages = {21--24},
    url = {http://amsacta.cib.unibo.it/1002/},
    isbn = {1580539920}
}

@article{Dasgupta2015,
    title = {{A mm-wave segmented power mixer}},
    year = {2015},
    journal = {IEEE Transactions on Microwave Theory and Techniques},
    author = {Dasgupta, Kaushik and Sengupta, Kaushik and Pai, Alex and Hajimiri, Ali},
    number = {4},
    month = {4},
    pages = {1118--1129},
    volume = {63},
    url = {http://ieeexplore.ieee.org/lpdocs/epic03/wrapper.htm?arnumber=7060736},
    doi = {10.1109/TMTT.2015.2409094},
    issn = {00189480},
    keywords = {CMOS, millimeter-wave (mm-wave), nonconstant envelope modulation, power mixer}
}

@inproceedings{Liu2017a,
    title = {{A narrowband absorptive band-stop filter based on a resistor-loaded compact resonator}},
    year = {2017},
    booktitle = {2017 Progress In Electromagnetics Research Symposium - Spring (PIERS)},
    author = {Liu, Gang and Xu, Jinping and Liu, Zhiqiang},
    month = {5},
    pages = {2268--2271},
    volume = {1},
    publisher = {IEEE},
    url = {http://ieeexplore.ieee.org/document/8262128/},
    isbn = {978-1-5090-6269-0},
    doi = {10.1109/PIERS.2017.8262128}
}

@article{Su2012,
    title = {{A narrowband CMOS ring resonator dual-mode active bandpass filter with edge periphery of 2{\%} free-space wavelength}},
    year = {2012},
    journal = {IEEE Transactions on Microwave Theory and Techniques},
    author = {Su, Li and Tzuang, Ching Kuang Clive},
    number = {6 PART 1},
    pages = {1605--1616},
    volume = {60},
    doi = {10.1109/TMTT.2012.2190742},
    issn = {00189480},
    keywords = {Active filters, CMOS integrated circuits (ICs), RF circuits, complementary metal-oxide-semiconductor (CMOS), filter design}
}

@article{Dambrine1993,
    title = {{A new method for on wafer noise measurement}},
    year = {1993},
    journal = {IEEE Transactions on Microwave Theory and Techniques},
    author = {Dambrine, Gilles and Happy, Henri and Danneville, Francois and Cappy, Alain},
    number = {3},
    month = {3},
    pages = {375--381},
    volume = {41},
    url = {http://ieeexplore.ieee.org/lpdocs/epic03/wrapper.htm?arnumber=223734},
    doi = {10.1109/22.223734},
    issn = {00189480}
}

@inproceedings{Dambrine1991,
    title = {{A new method for on-wafer high frequency noise measurement of FETs}},
    year = {1991},
    booktitle = {1991 IEEE MTT-S International Microwave Symposium Digest},
    author = {Dambrine, G and Cappy, A and Delos, E},
    pages = {169--172},
    publisher = {IEEE},
    url = {http://ieeexplore.ieee.org/lpdocs/epic03/wrapper.htm?arnumber=146954},
    isbn = {0-87942-591-1},
    doi = {10.1109/MWSYM.1991.146954},
    keywords = {Schottky gate field effect transistors electric no}
}

@inproceedings{Zhen-YuZhang2005,
    title = {{A new planar marchand balun}},
    year = {2005},
    booktitle = {IEEE MTT-S International Microwave Symposium Digest, 2005.},
    author = {{Zhen-Yu Zhang} and {Yong-Xin Guo} and Ong, L.C. and Chia, M.Y.W.},
    number = {C},
    pages = {1207--1210},
    volume = {2005},
    publisher = {IEEE},
    url = {http://ieeexplore.ieee.org/lpdocs/epic03/wrapper.htm?arnumber=1516893},
    isbn = {0-7803-8846-1},
    doi = {10.1109/MWSYM.2005.1516893},
    issn = {0149645X},
    keywords = {Baluns, Coupled lines, Wideband}
}

@incollection{Herzel1995,
    title = {{A Novel Approach to HF-Noise Characterization of Heterojunction Bipolar Transistors}},
    year = {1995},
    booktitle = {Simulation of Semiconductor Devices and Processes},
    author = {Herzel, Frank and Heinemann, Bernd},
    number = {September},
    pages = {98--101},
    volume = {6},
    publisher = {Springer Vienna},
    url = {http://www.springerlink.com/index/10.1007/978-3-7091-6619-2_23},
    address = {Vienna},
    doi = {10.1007/978-3-7091-6619-2{\_}23}
}

@article{Parlak2013,
    title = {{A passive I/Q millimeter-wave mixer and switch in 45-nm CMOS SOI}},
    year = {2013},
    journal = {IEEE Transactions on Microwave Theory and Techniques},
    author = {Parlak, Mehmet and Buckwalter, James F.},
    number = {3},
    month = {3},
    pages = {1131--1139},
    volume = {61},
    url = {http://ieeexplore.ieee.org/lpdocs/epic03/wrapper.htm?arnumber=6416961},
    doi = {10.1109/TMTT.2013.2238247},
    issn = {00189480},
    keywords = {45 nm, CMOS, in-phase/quadrature (I/Q), passive mixer, silicon-on-insulator (SOI), single-pole double-throw (SPDT) switch}
}

@article{Yue2004,
    title = {{A Physical Model for Planar Spiral Inductors on Silicon}},
    year = {2004},
    journal = {Iedm},
    author = {Yue, C P and Ryu, C and Lau, J and Lee, T H and Wong, S S},
    pages = {1--4},
    url = {papers://b601f53a-84e1-4f0c-abd7-620bc101dbfb/Paper/p5900},
    isbn = {0780333934}
}

@inproceedings{Hoarau2007,
    title = {{A RF tunable impedance matching network with a complete design and measurement methodology}},
    year = {2007},
    booktitle = {Proceedings of the 37th European Microwave Conference, EUMC},
    author = {Hoarau, C. and Bailly, P. E. and Arnould, J. D. and Ferrari, P. and Xavier, P.},
    pages = {751--754},
    isbn = {9782874870033},
    doi = {10.1109/EUMC.2007.4405301}
}

@article{Voinigescu1997,
    title = {{A scalable high-frequency noise model for bipolar transistors with application to optimal transistor sizing for low-noise amplifier design}},
    year = {1997},
    journal = {IEEE Journal of Solid-State Circuits},
    author = {Voinigescu, Sorin P. and Maliepaard, Michael C. and Showell, Jonathan L. and Babcock, Greg E. and Marchesan, David and Schroter, Michael and Schvan, Peter and Harame, David L.},
    number = {9},
    month = {9},
    pages = {1430--1438},
    volume = {32},
    url = {http://ieeexplore.ieee.org/lpdocs/epic03/wrapper.htm?arnumber=628757},
    isbn = {0-7803-3516-3},
    doi = {10.1109/4.628757},
    issn = {00189200},
    keywords = {Bipolar transistor, Compact modeling, Ge-Si alloys, Low noise, Low-noise amplifier, Low-noise transistor design, Noise figure, Noise matching, Noise measurements, Radio-frequency integrated circuit design, SPICE, SiGe heterojunction bipolar transistor, UHF amplifiers, UHF bipolar tran}
}

@article{Rensburg2012,
    title = {{A SiGe BiCMOS LNA FOR mm-WAVE APPLICATIONS}},
    year = {2012},
    author = {Rensburg, Christo Janse Van and Technology, Information},
    number = {January}
}

@inproceedings{Severino2009,
    title = {{A SiGe:C BiCMOS LNA for 60GHz band applications}},
    year = {2009},
    booktitle = {Proceedings of the IEEE Bipolar/BiCMOS Circuits and Technology Meeting},
    author = {Severino, R. R. and Taris, T. and Deval, Y. and Belot, D. and Begueret, J. B.},
    month = {10},
    pages = {51--54},
    publisher = {IEEE},
    url = {http://ieeexplore.ieee.org/document/5314155/},
    isbn = {9781424448968},
    doi = {10.1109/BIPOL.2009.5314155},
    issn = {10889299},
    keywords = {60GHz, BiCMOS9MW, Bipolar/BiCMOS integrated circuit, Load pull, Low noise amplifier (LNA), Millimeter-waves (mm-Waves)}
}

@article{Severino2010,
    title = {{A SiGe:C BiCMOS LNA for 94GHz band applications}},
    year = {2010},
    journal = {Proceedings of the IEEE Bipolar/BiCMOS Circuits and Technology Meeting},
    author = {Severino, R. R. and Taris, T. and Deval, Y. and Belot, D. and Begueret, J. B.},
    pages = {188--191},
    isbn = {9781424485789},
    doi = {10.1109/BIPOL.2010.5668051},
    issn = {10889299},
    keywords = {94GHz, Bipolar/BiCMOS integrated circuits, Imaging, Low noise amplifier (LNA), Millimeter-waves (mm-waves)}
}

@article{Reynolds2006,
    title = {{A Silicon 60-GHz Receiver and Transmitter Chipset for Broadband Communications}},
    year = {2006},
    journal = {IEEE Journal of Solid-State Circuits},
    author = {Reynolds, Scott K. and Floyd, Brian A. and Pfeiffer, Ullrich R. and Beukema, Troy and Grzyb, Janusz and Haymes, Chuck and Gaucher, Brian and Soyuer, Mehmet},
    number = {12},
    month = {12},
    pages = {2820--2831},
    volume = {41},
    url = {http://ieeexplore.ieee.org/document/4014631/},
    isbn = {1-4244-0079-1},
    doi = {10.1109/JSSC.2006.884820},
    issn = {0018-9200},
    keywords = {60 GHz, Low-noise amplifier, Millimeter-wave integrated circuits, Mixer, Power amplifier, SiGe, Superheterodyne receiver, Superheterodyne transmitter, V-band, Voltage-controlled oscillator (VCO)}
}

@inproceedings{Yue1999,
    title = {{A study on substrate effects of silicon-based RF passive components}},
    year = {1999},
    booktitle = {1999 IEEE MTT-S International Microwave Symposium Digest (Cat. No.99CH36282)},
    author = {Yue, C.P. and Wong, S.S.},
    pages = {1625--1628},
    volume = {4},
    publisher = {IEEE},
    url = {http://ieeexplore.ieee.org/lpdocs/epic03/wrapper.htm?arnumber=780281},
    isbn = {0-7803-5135-5},
    doi = {10.1109/MWSYM.1999.780281},
    issn = {0149645X},
    keywords = {MIM devices, Q-factor, capacitors, elemental semicond}
}

@article{Senior2014,
    title = {{A surface micromachined broadband millimeter-wave filter using quarter-mode substrate integrated waveguide loaded with complementary split ring resonator}},
    year = {2014},
    journal = {IEEE MTT-S International Microwave Symposium Digest},
    author = {Senior, David E. and Rahimi, Arian and Yoon, Yong Kyu},
    number = {c},
    pages = {5--8},
    isbn = {9781479938698},
    doi = {10.1109/MWSYM.2014.6848407},
    issn = {0149645X},
    keywords = {Bandpass filter (BPF), complementary split-ring resonator (CSRR), quarter-mode substrate integrated waveguide (QMSIW}
}

@article{Gupta2015,
    title = {{A Survey of 5G Network: Architecture and Emerging Technologies}},
    year = {2015},
    journal = {IEEE Access},
    author = {Gupta, A. and Jha, R. K.},
    pages = {1206--1232},
    volume = {3},
    url = {http://ieeexplore.ieee.org/document/7169508/},
    isbn = {2169-3536 VO - 3},
    doi = {10.1109/ACCESS.2015.2461602},
    issn = {2169-3536},
    keywords = {5G, Cloud, D2D, Massive MIMO, Relay, Small-cel, mm-wave}
}

@article{Niu2015,
    title = {{A survey of millimeter wave communications (mmWave) for 5G: opportunities and challenges}},
    year = {2015},
    journal = {Wireless Networks},
    author = {Niu, Yong and Li, Yong and Jin, Depeng and Su, Li and Vasilakos, Athanasios V.},
    number = {8},
    pages = {2657--2676},
    volume = {21},
    isbn = {9781509028863},
    doi = {10.1007/s11276-015-0942-z},
    issn = {10220038},
    arxivId = {arXiv:1502.07228v1},
    keywords = {5G, Blockage, Directivity, Heterogeneous networks, Millimeter wave communications, Survey}
}

@inproceedings{NingLi2008,
    title = {{A three-stage 60GHz CMOS LNA using dual noise-matching technique for 5dB NF}},
    year = {2008},
    booktitle = {2008 Asia-Pacific Microwave Conference},
    author = {{Ning Li} and Okada, Kenichi and Suzuki, Toshihide and Hirose, Tatsuya and Matsuzawa, Akira},
    month = {12},
    pages = {1--4},
    publisher = {IEEE},
    url = {http://ieeexplore.ieee.org/document/4958354/},
    isbn = {978-1-4244-2641-6},
    doi = {10.1109/APMC.2008.4958354}
}

@inproceedings{Wang2013,
    title = {{A transformer neutralization based 60GHz LNA in 65 nm LP CMOS with 22dB gain and 5.5dB NF}},
    year = {2013},
    booktitle = {Proceedings - IEEE International Symposium on Circuits and Systems},
    author = {Wang, Aili and Li, Lianming and Cui, Tiejun},
    pages = {1111--1114},
    isbn = {9781467357609},
    doi = {10.1109/ISCAS.2013.6572045},
    issn = {02714310}
}

@inproceedings{Severino2007,
    title = {{A transformer-based 60GHz CMOS LNA for low voltage applications}},
    year = {2007},
    booktitle = {2007 IEEE International Workshop on Radio-Frequency Integration Technology},
    author = {Severino, Raffaele R. and Taris, Thierry and Deval, Yann and Begueret, Jean-Baptiste},
    month = {12},
    pages = {62--65},
    publisher = {IEEE},
    url = {http://ieeexplore.ieee.org/document/4443920/},
    isbn = {978-1-4244-1307-2},
    doi = {10.1109/RFIT.2007.4443920},
    keywords = {60 GHz, CMOS millimeter wave integrated circuits, Input impedance matching, Integrated transformer, Low noise amplifier (LNA), Millimeter wave, Receivers}
}

@inproceedings{Zhao2017,
    title = {{A tri-band bandpass filter with wide stop band based on quad-mode stub loaded resonator}},
    year = {2017},
    booktitle = {2017 IEEE 5th International Symposium on Electromagnetic Compatibility (EMC-Beijing)},
    author = {Zhao, Zhentao and Li, Shufang and Zhu, Jianfeng and Qu, Meijun and Kang, Yang},
    month = {10},
    pages = {1--4},
    volume = {3},
    publisher = {IEEE},
    url = {http://ieeexplore.ieee.org/document/8260418/},
    isbn = {978-1-5090-5184-7},
    doi = {10.1109/EMC-B.2017.8260418}
}

@inproceedings{Dogan2010,
    title = {{A tunable X-band SiGe HBT single stage cascode LNA}},
    year = {2010},
    booktitle = {2010 10th Mediterranean Microwave Symposium, MMS 2010},
    author = {Dogan, Mustafa and Tekin, Ibrahim},
    pages = {102--105},
    isbn = {9781424472437},
    doi = {10.1109/MMW.2010.5605144},
    keywords = {Heterojunction bipola rtransistor (HBT), Low-noise amplifier (LNA), Noise figure (NF), Silicon-germanium (SiGe), X-band}
}

@article{Chen2011,
    title = {{A ultra-compact 77-GHz CMOS bandpass filter using grounded pedestal stepped-impedance stubs}},
    year = {2011},
    journal = {41st European Microwave Conference},
    author = {Chen, Yi-Ming and Chang, Sheng-Fuh},
    number = {October},
    pages = {194--197},
    isbn = {9782874870224},
    keywords = {CMOS analogue integrated circuits, CMOS structure, RF transceiver, band selectivity enhancement, band-pass filters, chip size reduction, field effect MIMIC, frequency 109 GHz, frequency 61 GHz, frequency 75 GHz to 84 GHz, grounded pedestal stepped-impedance stubs, guided-wavelength, loss 3.9 dB, metal layers, microstrip signal trace, millimetre wave filters, radio transceivers, resonator, resonators, single-chip integration, slow-wave effect, transmission zeros, ultracompact CMOS bandpass filter, vertical stack}
}

@inproceedings{Dadash2017,
    title = {{A W-band active millimeter-wave tag IC with wake-up function}},
    year = {2017},
    booktitle = {IEEE MTT-S International Microwave Symposium Digest},
    author = {Dadash, M. Sadegh and Hasch, Juergen and Chevalier, Pascal and Cathelin, Andreia and Voinigescu, Sorin P.},
    pages = {1531--1534},
    isbn = {9781509063604},
    doi = {10.1109/MWSYM.2017.8058919},
    issn = {0149645X},
    keywords = {BPSK modulator, Detector, FMCW radar, Index active tag, LNA, Millimeter wave, SiGe BiCMOS, Wake-up function}
}

@inproceedings{Zihir2017,
    title = {{A wideband 60 GHz LNA with 3.3 dB minimum noise figure}},
    year = {2017},
    booktitle = {IEEE MTT-S International Microwave Symposium Digest},
    author = {Zihir, Samet and Rebeiz, Gabriel M.},
    pages = {1969--1971},
    isbn = {9781509063604},
    doi = {10.1109/MWSYM.2017.8059050},
    issn = {0149645X}
}

@article{Khanpour2008,
    title = {{A Wideband W-Band Receiver Front-End in 65-nm CMOS}},
    year = {2008},
    journal = {IEEE Journal of Solid-State Circuits},
    author = {Khanpour, Mehdi and Tang, Keith W. and Garcia, Patrice and Voinigescu, Sorin P.},
    number = {8},
    month = {8},
    pages = {1717--1730},
    volume = {43},
    url = {http://ieeexplore.ieee.org/document/4578757/},
    isbn = {0018-9200},
    doi = {10.1109/JSSC.2008.926738},
    issn = {0018-9200},
    keywords = {Gilbert-cell mixer, Low-noise amplifiers (LNAs), Millimeter-wave imaging, Nanoscale CMOS, Noise in circuits with feedback, W-band}
}

@article{Tomkins2009,
    title = {{A Zero-IF 60 GHz 65 nm CMOS Transceiver With Direct BPSK Modulation Demonstrating up to 6 Gb/s Data Rates Over a 2 m Wireless Link}},
    year = {2009},
    journal = {IEEE Journal of Solid-State Circuits},
    author = {Tomkins, Alexander and Aroca, Ricardo Andres and Yamamoto, Takuji and Nicolson, Sean T. and Doi, Yoshiyasu and Voinigescu, Sorin P.},
    number = {8},
    month = {8},
    pages = {2085--2099},
    volume = {44},
    url = {http://ieeexplore.ieee.org/document/5173752/},
    isbn = {0018-9200},
    doi = {10.1109/JSSC.2009.2022918},
    issn = {0018-9200},
    keywords = {60 GHz, Millimeter-wave, Nanoscale CMOS, Process variation, Wireless transceiver}
}

@inproceedings{Tomkins2008,
    title = {{A zero-IF 60GHz transceiver in 65nm CMOS with {\&}{\#}x226B; 3.5Gb/s links}},
    year = {2008},
    booktitle = {2008 IEEE Custom Integrated Circuits Conference},
    author = {Tomkins, a and Aroca, R a and Yamamoto, T and Nicolson, S T and Doi, Y and Voinigescu, S P},
    number = {Cicc},
    month = {9},
    pages = {471--474},
    publisher = {IEEE},
    url = {http://ieeexplore.ieee.org/lpdocs/epic03/wrapper.htm?arnumber=4672123},
    isbn = {978-1-4244-2018-6},
    doi = {10.1109/CICC.2008.4672123}
}

@article{Chenette2003,
    title = {{accurate{\_}noise{\_}measurements{\_}on{\_}transistors}},
    year = {2003},
    journal = {TED},
    author = {Chenette, E R and Ziel, Avd},
    pages = {1--6},
    url = {papers://b601f53a-84e1-4f0c-abd7-620bc101dbfb/Paper/p3432},
    doi = {10.1109/T-ED.1962.14959},
    issn = {0096-2430}
}

@article{Linan,
    title = {{Advanced Design of Low Noise Amplifier for IEEE802 . 11aWALN}},
    journal = {Design},
    author = {Linan, Li and Lijun, Zhang and Jingbin, Geng and Yawen, Yang},
    pages = {397--400},
    url = {http://ieeexplore.ieee.org/xpls/abs_all.jsp?arnumber=5521992},
    keywords = {11a, 2 method for determining, current and doing the, ieee 802, in this paper, lna, noise figure, noise match and power, noise match simultaneously, of an integrated low, sige hbt, the optimum bias, we present the design}
}

@article{Yao2007,
    title = {{Algorithmic Design of CMOS LNAs and PAs for 60-GHz Radio}},
    year = {2007},
    journal = {IEEE Journal of Solid-State Circuits},
    author = {Yao, Terry and Gordon, Michael Q. and Tang, Keith K W and Yau, Kenneth H K and Yang, Ming-Ta and Schvan, Peter and Voinigescu, Sorin P.},
    number = {5},
    month = {5},
    pages = {1044--1057},
    volume = {42},
    url = {http://ieeexplore.ieee.org/lpdocs/epic03/wrapper.htm?arnumber=4160086 http://ieeexplore.ieee.org/document/4160086/},
    isbn = {0018-9200},
    doi = {10.1109/JSSC.2007.894325},
    issn = {0018-9200},
    keywords = {60 GHz, CMOS millimeter-wave integrated circuits, Characteristic current densities, F, Inductors, Low-noise amplifier (LNA), MAX, Millimeter-wave, Noise figure, Power amplifier (PA), Receiver, T, Transformers, V-band, f}
}

@inproceedings{Kitamura2013,
    title = {{An 84 dB-gain-range and 1 GHz-bandwidth variable gain amplifier using gain flattening capacitors for multi-gigabit radio}},
    year = {2013},
    booktitle = {2013 IEEE Radio and Wireless Symposium},
    author = {Kitamura, Ryo and Tsukizawa, Takayuki and Saito, Noriaki},
    month = {1},
    pages = {220--222},
    publisher = {IEEE},
    url = {http://ieeexplore.ieee.org/document/6486694/},
    isbn = {978-1-4673-2932-3},
    doi = {10.1109/RWS.2013.6486694},
    issn = {21642958},
    keywords = {60GHz, CMOS, Variable gain amplifier (VGA), digitally-controlled, wide gain range, wide-bandwidth}
}

@inproceedings{Yang2009,
    title = {{An accurate current reference using temperature and process compensation current mirror}},
    year = {2009},
    booktitle = {Proceedings of Technical Papers - 2009 IEEE Asian Solid-State Circuits Conference, A-SSCC 2009},
    author = {Yang, Byung Do and Shin, Young Kyu and Lee, Jee Sue and Lee, Yong Kyu and Ryu, Keun Chul},
    pages = {241--244},
    isbn = {9781424444342},
    doi = {10.1109/ASSCC.2009.5357223}
}

@article{Hillbrand1976,
    title = {{An efficient method for computer aided noise analysis of linear amplifier networks}},
    year = {1976},
    journal = {IEEE Transactions on Circuits and Systems},
    author = {Hillbrand, Herbert and Russer, P.},
    number = {4},
    month = {4},
    pages = {235--238},
    volume = {23},
    url = {http://ieeexplore.ieee.org/lpdocs/epic03/wrapper.htm?arnumber=1084200},
    isbn = {0098-4094 VO - 23},
    doi = {10.1109/TCS.1976.1084200},
    issn = {0098-4094}
}

@article{Umehira2015,
    title = {{An extended calculation model for shadowing loss caused by a moving human body in 60GHz WLAN}},
    year = {2015},
    journal = {Proceedings of the 20th Asia-Pacific Conference on Communication, APCC 2014},
    author = {Umehira, Masahiro and Takeda, Shigeki and Miyajima, Teruyuki and Kagoshima, Kenichi},
    pages = {112--116},
    isbn = {9781479964352},
    doi = {10.1109/APCC.2014.7091615},
    keywords = {60GHz, knife edge, moving human body, shadowing}
}

@inproceedings{Gordon2004,
    title = {{An inductor-based 52-GHz 0.18 {$\mu$}m SiGe HBT cascode LNA with 22 dB gain}},
    year = {2004},
    booktitle = {Proceedings of the 30th European Solid-State Circuits Conference},
    author = {Gordon, M and Voinigescu, S.P.},
    pages = {287--290},
    publisher = {IEEE},
    url = {http://ieeexplore.ieee.org/lpdocs/epic03/wrapper.htm?arnumber=1356674 http://ieeexplore.ieee.org/document/1356674/},
    isbn = {0-7803-8480-6},
    doi = {10.1109/ESSCIR.2004.1356674},
    keywords = {MIMIC, bipolar analogue integrated circuits, impedan}
}

@article{Sun2006,
    title = {{An integrated 60 GHz receiver front-end in SiGe: C BiCMOS}},
    year = {2006},
    journal = {{\ldots} Monolithic Integrated {\ldots}},
    author = {Sun, Yaoming and Herzel, Frank and Wang, Li},
    number = {September},
    pages = {269--272},
    url = {http://ieeexplore.ieee.org/xpls/abs_all.jsp?arnumber=1587966},
    isbn = {0780394720},
    doi = {10.1109/SMIC.2005.1587966}
}

@inproceedings{Ma2014,
    title = {{An integrated 60GHz low power two-chip wireless system based on IEEE802.11ad standard}},
    year = {2014},
    booktitle = {IEEE MTT-S International Microwave Symposium Digest},
    author = {Ma, Kaixue and Mou, Shouxian and Mahalingam, Nagarajan and Wang, Yisheng and Thangarasu, Bharatha Kumar and Yan, Jinna and Ye, Wanxin and Wang, Keping and Lim, Wei Meng and Wong, Thin Sek and Lu, Yang and Yang, Wanlan and Yeo, Kiat Seng and Chin, Francois and Peng, Xiaoming and Chai, Albert and Png, Khiam Boon and Ho, Wong Sai and Keh, Raymond and Zhaohui, Cai and Guoping, Zhang and Yoong, Chee Piew and Khoi, Yin Jee and Weiqiang, Zhang and Xuhong, Qu and Yong, Law Sie and Cheng, Zhao and Simon, Chen Jian and Cho, Cheng Wang and Jayaraj, Raymond and Bo, Jin and Sun, Mei and Qing, Xianmin and Chen, Zhining},
    month = {6},
    pages = {1--4},
    publisher = {IEEE},
    url = {http://ieeexplore.ieee.org/lpdocs/epic03/wrapper.htm?arnumber=6848242},
    isbn = {9781479938698},
    doi = {10.1109/MWSYM.2014.6848242},
    issn = {0149645X},
    keywords = {60GHz, Antenna, Baseband IC (BBIC), IEEE802.11ad, Millimeter-wave, RFIC, System-On-Chip (SOC)}
}

@inproceedings{Mizutani2016,
    title = {{An optimum inductive matched cascode LNA in 60GHz-band}},
    year = {2016},
    booktitle = {2015 IEEE International Symposium on Radio-Frequency Integration Technology, RFIT 2015 - Proceedings},
    author = {Mizutani, Hiroyuki and Taniguchi, Eiji and Tsuru, Masaomi and Inagaki, Ryuji and Kameda, Suguru and Suematsu, Noriharu and Takagi, Tadashi and Tsubouchi, Kazuo},
    number = {2},
    month = {8},
    pages = {28--30},
    volume = {22},
    publisher = {IEEE},
    url = {http://ieeexplore.ieee.org/document/7377876/},
    isbn = {9781467377942},
    doi = {10.1109/RFIT.2015.7377876},
    keywords = {Amplifier, CMOS, Cascode, Millimeter-wave}
}

@inproceedings{Cohen2008,
    title = {{An ultra low power LNA with 15dB gain and 4.4db NF in 90nm CMOS process for 60 GHz phase array radio}},
    year = {2008},
    booktitle = {Digest of Papers - IEEE Radio Frequency Integrated Circuits Symposium},
    author = {Cohen, Emanuel and Ravid, Shmuel and Ritter, Dan},
    month = {6},
    pages = {61--64},
    publisher = {IEEE},
    url = {http://ieeexplore.ieee.org/document/4561386/},
    isbn = {9781424418091},
    doi = {10.1109/RFIC.2008.4561386},
    issn = {15292517},
    keywords = {60 ghz, LNA, NF, Power consumption}
}

@article{Ercoli2010,
    title = {{An ultra small passive Balun for 60 GHz applications in CMOS 65nm technology}},
    year = {2010},
    journal = {Proceedings of the 8th IEEE International NEWCAS Conference, NEWCAS2010},
    author = {Ercoli, Mariano and Kraemer, Michael and Dragomirescu, Daniela and Plana, Robert},
    number = {c},
    pages = {329--332},
    volume = {8},
    isbn = {9781424468058},
    doi = {10.1109/NEWCAS.2010.5604025},
    keywords = {60GHz band, CMOS, Coupled line, Marchand Balun}
}

@article{Hong1995,
    title = {{Bandpass characteristics of new dual-mode microstrip square loop resonators}},
    year = {1995},
    journal = {Electronics Letters},
    author = {Hong, J.S. and Lancaster, M.J.},
    number = {11},
    pages = {891--892},
    volume = {31},
    url = {http://digital-library.theiet.org/content/journals/10.1049/el_19950591},
    doi = {10.1049/el:19950591},
    issn = {0013-5194}
}

@inproceedings{Prigent2007,
    title = {{Bandpass filter for millimeter-wave applications up to 220 GHz integrated in advanced thin SOI CMOS technology on High Resistivity substrate}},
    year = {2007},
    booktitle = {2007 European Microwave Conference},
    author = {Prigent, G. and Gianesello, F. and Gloria, D. and Raynaud, C.},
    number = {October},
    pages = {676--679},
    publisher = {IEEE},
    url = {http://ieeexplore.ieee.org/lpdocs/epic03/wrapper.htm?arnumber=4405282},
    isbn = {978-2-87487-001-9},
    doi = {10.1109/EUMC.2007.4405282},
    keywords = {[Electronic Manuscript]}
}

@article{Horestani2014,
    title = {{Bandpass Filters Based on Coupled Split Ring Resonators for Surface Waves on Planar Goubau Lines}},
    year = {2014},
    journal = {International Workshop on Antenna Technology: "Small Antennas, Novel EM Structures and Materials, and Applications" (iWAT)},
    author = {Horestani, Ali K and Withayachumnankul, Withawat and Chahadih, Abdallah and Ghaddar, Abbas and Zehar, Mokhtar and Abbott, Derek and Akalin, Tahsin and Fumeaux, Christophe},
    pages = {57--60},
    isbn = {9781479923298},
    doi = {10.1109/IWAT.2014.6958595}
}

@article{Nielsen1957,
    title = {{Behavior of Noise in Junction Transistors}},
    year = {1957},
    journal = {Proceedings of the IRE},
    author = {Nielsen, Edward G},
    number = {7},
    pages = {957--963},
    volume = {45}
}

@inproceedings{Kwok2008,
    title = {{Bilateral design of mm-wave LNA and receiver front-end in 90nm CMOS}},
    year = {2008},
    booktitle = {Proceedings - IEEE International Symposium on Circuits and Systems},
    author = {Kwok, KaChun and Long, John R.},
    pages = {181--184},
    isbn = {9781424416844},
    doi = {10.1109/ISCAS.2008.4541384},
    issn = {02714310},
    keywords = {Low noise amplifier, mm-wave, radar, receiver}
}

@article{Klingbeil1994,
    title = {{Calculation of CPW AC resistance and inductance using a quasi-static mode-matching approach}},
    year = {1994},
    journal = {IEEE Transactions on Microwave Theory and Techniques},
    author = {Klingbeil, Harald and Heinrich, Wolfgang},
    number = {6},
    month = {6},
    pages = {1004--1007},
    volume = {42},
    url = {http://ieeexplore.ieee.org/lpdocs/epic03/wrapper.htm?arnumber=293569},
    doi = {10.1109/22.293569},
    issn = {00189480}
}

@book{Baker2008,
    title = {{CMOS : circuit design, layout, and simulation}},
    year = {2008},
    author = {Baker, R. Jacob},
    pages = {1173},
    series = {IEEE Press Series on Microelectronic Systems},
    publisher = {Wiley},
    url = {https://books.google.fr/books?id=rCxNKzuBIAwC},
    isbn = {9780470881323}
}

@inproceedings{Antonopoulos2012,
    title = {{CMOS LNA design at 30 GHz - A case study}},
    year = {2012},
    booktitle = {2012 8th International Caribbean Conference on Devices, Circuits and Systems, ICCDCS 2012},
    author = {Antonopoulos, Angelos and Papathanasiou, Kostas and Bucher, Matthias},
    isbn = {9781457711169},
    doi = {10.1109/ICCDCS.2012.6188915},
    keywords = {30 GHz low-noise amplifier design, CMOS radio frequency integrated circuit design, K a band, cascode LNA, magnetic feedback LNA, millimete wave}
}

@article{Lee2000,
    title = {{CMOS RF integrated circuits at 5 GHz and beyond}},
    year = {2000},
    journal = {Proceedings of the IEEE},
    author = {Lee, T.H. and Wong, S.S.},
    number = {10},
    month = {10},
    pages = {1560--1571},
    volume = {88},
    url = {http://ieeexplore.ieee.org/lpdocs/epic03/wrapper.htm?arnumber=888995},
    doi = {10.1109/5.888995},
    issn = {0018-9219},
    keywords = {CMOS, HIPERLAN, LAN, RF 1C, Radio, Receiver, Transceiver, Transmitter, Wireless LAN}
}

@article{Kuang2014,
    title = {{Co-design of 60-GHz wideband front-end IC with on-chip T/R switch based on passive macro-modeling}},
    year = {2014},
    journal = {IEEE Transactions on Microwave Theory and Techniques},
    author = {Kuang, Lixue and Chi, Baoyong and Jia, Haikun and Ye, Zuochang and Jia, Wen and Wang, Zhihua},
    number = {11},
    pages = {2743--2754},
    volume = {62},
    isbn = {9781467360586},
    doi = {10.1109/TMTT.2014.2359415},
    issn = {00189480},
    keywords = {Low-noise amplifier (LNA), Single-pole-double-throw (SPDT) transmit/receive (, millimeter wave (mm-wave), passive macro-modeling (pmm), power amplifier (PA)}
}

@article{Bockelman1995,
    title = {{Combined Differential and Common-Mode Scattering Parameters: Theory and Simulation}},
    year = {1995},
    journal = {IEEE Transactions on Microwave Theory and Techniques},
    author = {Bockelman, David E. and Eisenstadt, William R.},
    number = {7},
    pages = {1530--1539},
    volume = {43},
    isbn = {ISSN{\~{}}{\~{}}0018-9480},
    doi = {10.1109/22.392911},
    issn = {15579670},
    arxivId = {0018-9480/95}
}

@article{Luo2011,
    title = {{Compact dual-mode triple-band bandpass filters using three pairs of degenerate modes in a ring resonator}},
    year = {2011},
    journal = {IEEE Transactions on Microwave Theory and Techniques},
    author = {Luo, Sha and Zhu, Lei and Sun, Sheng},
    number = {5},
    pages = {1222--1229},
    volume = {59},
    doi = {10.1109/TMTT.2011.2123106},
    issn = {00189480},
    keywords = {Bandpass filter, dual mode, open-circuited stubs, ring resonator, triple band}
}

@article{Chang2010,
    title = {{Compact millimeter-wave CMOS bandpass filters using grounded pedestal stepped-impedance technique}},
    year = {2010},
    journal = {IEEE Transactions on Microwave Theory and Techniques},
    author = {Chang, Shuen Chien and Chen, Yi Ming and Chang, Sheng Fuh and Jeng, Yng Huey and Wei, Chia Liang and Huang, Chun Hao and Jeng, Chih Pin},
    number = {12 PART 1},
    pages = {3850--3858},
    volume = {58},
    isbn = {0018-9480},
    doi = {10.1109/TMTT.2010.2086591},
    issn = {00189480},
    keywords = {Bandpass filter, CMOS, dual-mode, pedestal stepped impedance}
}

@article{Aryanfar2006,
    title = {{Compact Millimeter-wave filters using distributed capacitively loaded CPW resonators}},
    year = {2006},
    journal = {IEEE Transactions on Microwave Theory and Techniques},
    author = {Aryanfar, Farshid and Sarabandi, Kamal},
    number = {3},
    month = {3},
    pages = {1161--1165},
    volume = {54},
    url = {http://ieeexplore.ieee.org/lpdocs/epic03/wrapper.htm?arnumber=1603864},
    isbn = {0018-9480},
    doi = {10.1109/TMTT.2005.864109},
    issn = {0018-9480},
    keywords = {Bandpass, Capacitively loaded, Coplanar waveguide (CPW), Filter, Millimeter wave, Miniaturized, W-band}
}

@article{Voltti2007,
    title = {{Comparison of active and passive mixers}},
    year = {2007},
    journal = {18th European Conference on Circuit Theory and Design, 2007},
    author = {Voltti, Markus and Koivisto, Tero and Tiiliharju, Esa},
    pages = {890--893},
    isbn = {1424413427},
    doi = {10.1109/ECCTD.2007.4529740}
}

@inproceedings{Marinho2016,
    title = {{Conception d'un LNA a 60 GHz en technologie BiCMOS SiGe:C 0,25um}},
    year = {2016},
    booktitle = {Journ{\'{e}}es Nationales du R{\'{e}}seau Doctoral en Micro-nano{\'{e}}lectronique (JNRDM)},
    author = {Marinho, Rafael and Barelaud, Bruno and Lintignat, Julien and Jary, Bernard},
    url = {http://www.cnfm.fr/VersionFrancaise/animations/JNRDM/JNRDM2016_Papiers/Le12Mai2016/12Matin_Telecommunication-RF/7.1.1-JNRDM16_Rafael-MARINHO.pdf},
    address = {Toulouse}
}

@article{Salleh2008,
    title = {{Contribution {\`{a}} la synth{\`{e}}se de r{\'{e}}sonateurs pseudo-elliptiques en anneau: application au filtrage planaire millim{\'{e}}trique}},
    year = {2008},
    journal = {Th{\`{e}}se doctorat de l'universit{\'{e}} de Toulouse},
    author = {Salleh, M and Khairul, M},
    url = {http://oatao.univ-toulouse.fr/7729/}
}

@article{Johnstone2014,
    title = {{Coupled Loops for High-Frequency Chip-to-Antenna Interconnection at 24 GHz}},
    year = {2014},
    journal = {IEEE Transactions on Microwave Theory and Techniques},
    author = {Johnstone, Jonathan C. and Frank, Brian M. and Antar, Yahia M M},
    number = {5},
    month = {5},
    pages = {1203--1211},
    volume = {62},
    url = {http://ieeexplore.ieee.org/lpdocs/epic03/wrapper.htm?arnumber=6784512},
    doi = {10.1109/TMTT.2014.2314674},
    issn = {0018-9480},
    keywords = {Antenna on chip, CMOS, GHz, WiGig, Wireless coupling, automotive radar, chip-to-laminate, coupled loops, integrated antennas, microwave passives, planar transformers}
}

@article{Ross2010,
    title = {{Current density dependence of minimum noise figure for gallium nitride HEMTs}},
    year = {2010},
    journal = {Microwave Integrated Circuits Conference (EuMIC), 2010 European},
    author = {Ross, Tyler and Cormier, Gabriel and Hettak, Khelifa and Amaya, R.E. Rony E},
    number = {September},
    pages = {278--281},
    isbn = {978-1-4244-7231-4},
    keywords = {[Electronic Manuscript]}
}

@article{Harame2001,
    title = {{Current Status and Future Trends of SiGe BiCMOS Technology}},
    year = {2001},
    journal = {IEEE Trans. Electron Devices},
    author = {Harame, David L and Member, Senior and Ahlgren, David C},
    number = {11},
    pages = {2575--2594},
    volume = {48},
    keywords = {BiCMOS, HBT, SiGe.}
}

@article{Mangan2006,
    title = {{De-embedding transmission line measurements for accurate modeling of IC designs}},
    year = {2006},
    journal = {IEEE Transactions on Electron Devices},
    author = {Mangan, A.M. and Voinigescu, S.P. and {Ming-Ta Yang} and Tazlauanu, Mihai},
    number = {2},
    month = {2},
    pages = {235--241},
    volume = {53},
    url = {http://ieeexplore.ieee.org/lpdocs/epic03/wrapper.htm?arnumber=1580859},
    isbn = {0018-9383},
    doi = {10.1109/TED.2005.861726},
    issn = {0018-9383},
    keywords = {Characterization, De-embedding, Deep-submicrometer technologies, Integrated circuits, Interconnect, Losses, Microstrip lines, Slotted ground planes, Transmission lines}
}

@article{Chen2004,
    title = {{Demonstration of a SiGe RF LNA design using IBM design kits in 0.18 /spl mu/m SiGe BiCMOS technology}},
    year = {2004},
    journal = {Proceedings -Design, Automation and Test in Europe, DATE},
    author = {Chen, Yiming and Yuan, Xiaojuen and Scagnelli, David and Mecke, James and Gross, Jeff and Harame, David},
    pages = {22--27},
    volume = {3},
    isbn = {0769520855},
    doi = {10.1109/DATE.2004.1269193},
    issn = {15301591}
}

@article{Adhyaru2007,
    title = {{Design and analysis of ultra wide band CMOS}},
    year = {2007},
    author = {Adhyaru, Janmejay}
}

@article{May2010,
    title = {{Design and characterization of W-band SiGe RFICs for passive millimeter-wave imaging}},
    year = {2010},
    journal = {IEEE Transactions on Microwave Theory and Techniques},
    author = {May, Jason W. and Rebeiz, Gabriel M.},
    number = {5 PART 2},
    pages = {1420--1430},
    volume = {58},
    isbn = {9781424433780},
    doi = {10.1109/TMTT.2010.2042857},
    issn = {00189480},
    keywords = {[Electronic Manuscript]}
}

@inproceedings{Nicolson2007,
    title = {{Design and modeling considerations for fully-integrated silicon W-band transceivers}},
    year = {2007},
    booktitle = {RFIT 2007 - IEEE International Workshop on Radio-Frequency Integration Technology},
    author = {Nicolson, S. T. and Laskin, E. and Khanpour, M. and Aroca, R. and Tomkins, A. and Yau, K. H K and Chevalier, P. and Garcia, P. and Chantre, A. and Sautreuil, B. and Voinigescu, S. P.},
    pages = {141--149},
    isbn = {1424413079},
    doi = {10.1109/RFIT.2007.4443938},
    keywords = {Design methodology, Doppler radar, Integrated circuit modeling, Millimeter wave transceivers}
}

@inproceedings{Manikandan2014,
    title = {{Design and modeling of high-Q variable width and spacing, planar and 3-D stacked spiral inductors}},
    year = {2014},
    booktitle = {18th International Symposium on VLSI Design and Test},
    author = {Manikandan, R. R. and Rao Vanukuru, Venkata Narayana and Chakravorty, Anjan and Amrutur, Bharadwaj},
    month = {7},
    pages = {1--6},
    publisher = {IEEE},
    url = {http://ieeexplore.ieee.org/lpdocs/epic03/wrapper.htm?arnumber=6881053},
    isbn = {978-1-4799-4006-6},
    doi = {10.1109/ISVDAT.2014.6881053},
    keywords = {parameterized-cell phase noise, proximity ef-fect, quality factor, silicon on insulator, spiral inductor, voltage controlled oscillator}
}

@inproceedings{Subramaniam2005,
    title = {{Design and Modeling of Metal Finger Capacitors for RF Applications}},
    year = {2005},
    booktitle = {2005 Asia-Pacific Conference on Applied Electromagnetics},
    author = {Subramaniam, K. and Kordesch, A.V. and Esa, M.},
    pages = {293--296},
    publisher = {IEEE},
    url = {http://ieeexplore.ieee.org/lpdocs/epic03/wrapper.htm?arnumber=1607828},
    isbn = {0-7803-9431-3},
    doi = {10.1109/APACE.2005.1607828}
}

@inproceedings{Cohen2011,
    title = {{Design consideration of a 5 stage bidirectional single ended LNA PA in 60GHz}},
    year = {2011},
    booktitle = {2011 IEEE International Conference on Microwaves, Communications, Antennas and Electronic Systems, COMCAS 2011},
    author = {Cohen, Emanuel and Ravid, Shmuel and Ritter, Dan},
    pages = {2--5},
    isbn = {9781457716928},
    doi = {10.1109/COMCAS.2011.6105923}
}

@inproceedings{Trotta2007,
    title = {{Design considerations for low-noise, highly-linear millimeter-wave mixers in SiGe bipolar technology}},
    year = {2007},
    booktitle = {ESSCIRC 2007 - Proceedings of the 33rd European Solid-State Circuits Conference},
    author = {Trotta, Saverio and Dehlink, Bernhard and Knapp, Herbert and Aufinger, Klaus and Meister, Thomas F. and B??ck, Josef and Simb??rger, Werner and Schultz, Arpad L.},
    pages = {356--359},
    isbn = {1424411254},
    doi = {10.1109/ESSCIRC.2007.4430317},
    issn = {1930-8833}
}

@inproceedings{Parada2010,
    title = {{Design Experiences of a CMOS LNA for mm-waves}},
    year = {2010},
    booktitle = {Ph.D. Research in Microelectronics and Electronics (PRIME), Conference on},
    author = {Parada, Enrique Rivera and Tanner, Steve and Botteron, Cyril and Farine, Pierre-andrÃ©},
    pages = {1--4},
    isbn = {9783981375404}
}

@article{Hsiao2010,
    title = {{Design of 60 GHz CMOS bandpass filters using complementary-conducting strip transmission lines}},
    year = {2010},
    journal = {IEEE MTT-S International Microwave Symposium Digest},
    author = {Hsiao, Yu Chih and Tseng, Chao Hsiung},
    number = {43},
    pages = {1712--1715},
    isbn = {9781424477326},
    doi = {10.1109/MWSYM.2010.5518154},
    issn = {0149645X},
    keywords = {Complementary-conducting strip transmission line (, Dual-mode filter, Millimeter-wave filter, Ring filter}
}

@article{Nan2008,
    title = {{Design of 60- and 77-GHz narrow-bandpass filters in CMOS technology}},
    year = {2008},
    journal = {IEEE Transactions on Circuits and Systems II: Express Briefs},
    author = {Nan, Lan and Mouthaan, Koen and Xiong, Yong Zhong and Shi, Jinglin and Rustagi, Subhash Chander and Ooi, Ban Leong},
    number = {8},
    pages = {738--742},
    volume = {55},
    isbn = {1549-7747},
    doi = {10.1109/TCSII.2008.922427},
    issn = {15497747},
    keywords = {Bandpass filters, CMOS technology, Millimeter-wave, Thin-film microstrip (TFMS) structure}
}

@inproceedings{Chuang2014,
    title = {{Design of 60-GHz compact and low-insertion loss stepped-impedance coupled-line CMOS on-chip bandpass filter}},
    year = {2014},
    booktitle = {2014 Asia-Pacific Microwave Conference},
    author = {Chuang, P. K. Chuang and L. K. Yeh and H. R.},
    pages = {6--8},
    keywords = {60 GHz, CMOS, Decision support systems, Microwave circuits, Microwave filters, Substrates, Yttrium, bandpass filter (BPF), compact, coupled line, low insertion loss, stepped-impedance (SI)}
}

@article{Li2014,
    title = {{Design of 60GHz RF transceiver in CMOS: Challenges and recent advances}},
    year = {2014},
    journal = {China Communications},
    author = {Li, Lianming and Niu, Xiaokang and Chen, Linhui and Chai, Yuan and Zhang, Tao and Shi, Jun and Wang, Aili and Luo, Ying and He, Long and Cheng, Depeng and Liu, Nan and Cui, Tiejun and You, Xiaohu},
    number = {6},
    pages = {32--41},
    volume = {11},
    doi = {10.1109/CC.2014.6879001},
    issn = {16735447},
    keywords = {CMOS, Low noise amplifier, Mixer, Power amplifer, Transceiver}
}

@inproceedings{Chai2012,
    title = {{Design of a 60 GHz LNA with 20 dB gain and 12 GHz BW in 65 nm LP CMOS}},
    year = {2012},
    booktitle = {IEEE MTT-S International Microwave Workshop Series on Millimeter Wave Wireless Technology and Applications, IMWS 2012 - Proceeding},
    author = {Chai, Yuan and Li, Lianming and Cui, Tiejun},
    month = {9},
    pages = {142--145},
    publisher = {IEEE},
    url = {http://ieeexplore.ieee.org/document/6338232/},
    isbn = {9781467309028},
    doi = {10.1109/IMWS2.2012.6338232},
    keywords = {60 GHz, CMOS, Low noise amplifier (LNA), mm-wave}
}

@inproceedings{Tsai2012,
    title = {{Design of a 9{\&}{\#}x2013;25 GHz broadband low noise amplifier using 0.15-{\&}{\#}x03BC;m GaAs HEMT process}},
    year = {2012},
    booktitle = {2012 International Conference on Microwave and Millimeter Wave Technology (ICMMT)},
    author = {Tsai, Jeng-Han and Lin, Ji-Yang and Ding, Kun-Yao},
    month = {5},
    pages = {1--4},
    volume = {5},
    publisher = {IEEE},
    url = {http://ieeexplore.ieee.org/document/6230368/},
    isbn = {978-1-4673-2185-3},
    doi = {10.1109/ICMMT.2012.6230368},
    keywords = {GaAs, Low noise amplifier (LNA), Monolithic microwave integrated circuit (MMIC), broadband, pHEMT}
}

@inproceedings{Wu2012,
    title = {{Design of a low-noise amplifier using complementary and current-reused technology}},
    year = {2012},
    booktitle = {2012 International Conference on Microwave and Millimeter Wave Technology, ICMMT 2012 - Proceedings},
    author = {Wu, Chang Hsi and Liu, Kuan Lin and Chen, Wei Chen},
    pages = {450--453},
    volume = {2},
    isbn = {9781467321839},
    doi = {10.1109/ICMMT.2012.6230011}
}

@article{Kraemer2010,
    title = {{Design of a low-power 60 GHz transceiver front-end and behavioral modeling and implementation of its key building blocks in 65 nm CMOS}},
    year = {2010},
    author = {Kraemer, Michael},
    keywords = {millimeter, wave, Wireless Sensor Networks (WSN),}
}

@inproceedings{Olokede2017a,
    title = {{Design of a narrow-band microstrip ring resonator bandpass filter}},
    year = {2017},
    booktitle = {2017 Progress In Electromagnetics Research Symposium - Spring (PIERS)},
    author = {Olokede, Seyi Stephen and Paul, Babu Sena},
    month = {5},
    pages = {1835--1841},
    publisher = {IEEE},
    url = {http://ieeexplore.ieee.org/document/8262049/},
    isbn = {978-1-5090-6269-0},
    doi = {10.1109/PIERS.2017.8262049}
}

@article{Sun2009,
    title = {{Design of an Integrated 60 GHz Transceiver Front-End in SiGe:C BiCMOS Technology}},
    year = {2009},
    author = {Sun, Yaoming}
}

@book{B.Razavi2001,
    title = {{Design of analog CMOS integrated circuits}},
    year = {2000},
    author = {Razavi, B.},
    pages = {684},
    series = {McGraw-Hill higher education},
    publisher = {Tata McGraw-Hill},
    url = {http://portal.acm.org/citation.cfm?id=1594009},
    isbn = {0070529035}
}

@article{SadeghDadash2017,
    title = {{Design of Low-Power Active Tags for Operation With 77â81-GHz FMCW Radar}},
    year = {2017},
    journal = {Ieeexplore.Ieee.Org},
    author = {Dadash, MS and Hasch, J and {\ldots}, P Chevalier - IEEE Transactions and 2017, undefined},
    number = {12},
    volume = {65},
    url = {http://ieeexplore.ieee.org/abstract/document/8116752/},
    doi = {10.1109/TMTT.2017.2769079}
}

@inproceedings{LuhongZhang2011,
    title = {{Design of millimeter-wave bandpass filter using microstrip stepped-impedance stubs}},
    year = {2011},
    booktitle = {IET International Communication Conference on Wireless Mobile and Computing (CCWMC 2011)},
    author = {{Luhong Zhang} and {Xuexia Yang} and {Zaifeng Yang} and {Zhewang Ma}},
    pages = {266--269},
    volume = {1},
    publisher = {IET},
    url = {http://digital-library.theiet.org/content/conferences/10.1049/cp.2011.0888},
    isbn = {978-1-84919-505-8},
    doi = {10.1049/cp.2011.0888},
    keywords = {Bandpass filter (BPF), millimeter-wave filter, parallel coupled lines, stepped impedance open stub}
}

@inproceedings{Chen2014,
    title = {{Design of ultra-compact 60-GHz millimeter-wave CMOS on-chip bandpass filter with two controllable transmission zeros}},
    year = {2014},
    booktitle = {2014 Asia-Pacific Microwave Conference},
    author = {Chen, Yu-Chen and Yeh, Lung-Kai and Chuang, Huey-Ru},
    pages = {935--937},
    keywords = {Bandpass filter (BPF), CMOS, compact, millimeter-wave, transmission zero}
}

@article{Zhang2009,
    title = {{Design optimization and modeling of on-chip RF inductors in 0.13??m and 90nm standard CMOS}},
    year = {2009},
    journal = {Midwest Symposium on Circuits and Systems},
    author = {Zhang, Fan and Wang, Zhihua and Chen, Wei and Yang, Lee and Wang, Xin and Tang, He and Fang, Qiang and Wang, Albert and Zhao, Bin and Zhang, Gary and Wang, Xingang},
    pages = {975--978},
    isbn = {9781424444793},
    doi = {10.1109/MWSCAS.2009.5235929},
    issn = {15483746}
}

@article{Weststrate2010,
    title = {{Design trade-o{\textregistered}s and limitations of a lc-ladder and capacitive feedback LNA and its application at mm-wave frequencies}},
    year = {2010},
    journal = {Romanian Journal of Information Science and Technology},
    author = {Weststrate, Marnus and Sinha, Saurabh and Neculoiu, Dan},
    number = {1},
    pages = {98--107},
    volume = {13},
    isbn = {9781424444137},
    doi = {10.1109/SMICND.2009.5336534},
    issn = {14538245},
    keywords = {Capacitive feedback, Frequency limitations, LC-ladder -lter, Low noise ampli-er, Mm-wave, Performance trade-o{\textregistered}s}
}

@inproceedings{Yan2012,
    title = {{Development of V-band low noise amplifiers in 90nm CMOS}},
    year = {2012},
    booktitle = {IEEE MTT-S International Microwave Workshop Series on Millimeter Wave Wireless Technology and Applications, IMWS 2012 - Proceeding},
    author = {Yan, Pinpin and Chen, Jixin and Hong, Wei},
    pages = {176--178},
    isbn = {9781467309028},
    doi = {10.1109/IMWS2.2012.6338243},
    keywords = {CMOS, low noise amplifier}
}

@article{Yau2012,
    title = {{Device and IC characterization above 100 GHz}},
    year = {2012},
    journal = {IEEE Microwave Magazine},
    author = {Yau, Kenneth H.K. and Dacquay, Eric and Sarkas, Ioannis and Voinigescu, Sorin P.},
    number = {1},
    pages = {30--54},
    volume = {13},
    doi = {10.1109/MMM.2011.2173869},
    issn = {15273342}
}

@article{JianjunGao2005,
    title = {{Direct extraction of InP HBT noise parameters based on noise-figure measurement system}},
    year = {2005},
    journal = {IEEE Transactions on Microwave Theory and Techniques},
    author = {{Jianjun Gao} and {Xiuping Li} and {Lin Jia} and {Hong Wang} and Boeck, Georg},
    number = {1},
    month = {1},
    pages = {330--335},
    volume = {53},
    url = {http://ieeexplore.ieee.org/lpdocs/epic03/wrapper.htm?arnumber=1381705},
    doi = {10.1109/TMTT.2004.839919},
    issn = {0018-9480},
    keywords = {Heterojunction bipolar transistor (HBT), Noise measurement, Noise model, Noise parameter}
}

@article{Cohn1957,
    title = {{Direct-Coupled-Resonator Filters}},
    year = {1957},
    journal = {Proceedings of the IRE},
    author = {Cohn, Seymour},
    number = {2},
    pages = {187--196},
    volume = {45},
    url = {http://ieeexplore.ieee.org/document/4056485/},
    isbn = {0096-8390},
    doi = {10.1109/JRPROC.1957.278389},
    issn = {0096-8390}
}

@article{Liu2004,
    title = {{Dual-mode double-ring resonators for microstrip band-pass-filter applications}},
    year = {2004},
    journal = {IEE Proceedings - Microwaves, Antennas and Propagation},
    author = {Liu, J.C. and Lu, P.C. and Shie, C.H. and Cheng, C.S. and Yao, L.},
    number = {5},
    pages = {430},
    volume = {151},
    url = {http://digital-library.theiet.org/content/journals/10.1049/ip-map_20040725},
    doi = {10.1049/ip-map:20040725},
    issn = {13502417},
    keywords = {Arbitrarily shaped conducting plate, Capacitance, Charge barycenter, Variational stability}
}

@article{Hsieh2000,
    title = {{Dual-mode elliptic-function bandpass filter using one single patch resonator without coupling gaps}},
    year = {2000},
    journal = {Electronics Letters},
    author = {Hsieh, Lung-Hwa and Chang, Kai},
    number = {24},
    pages = {2022},
    volume = {36},
    url = {http://digital-library.theiet.org/content/journals/10.1049/el_20001433},
    doi = {10.1049/el:20001433},
    issn = {00135194}
}

@inproceedings{Feldmann1996,
    title = {{Efficient frequency domain analysis of large nonlinear analog circuits}},
    year = {1996},
    booktitle = {Proceedings of Custom Integrated Circuits Conference},
    author = {Feldmann, Peter and Melville, Bob and Long, David},
    pages = {461--464},
    url = {http://ieeexplore.ieee.org/lpdocs/epic03/wrapper.htm?arnumber=510597},
    isbn = {0-7803-3117-6},
    doi = {10.1109/CICC.1996.510597},
    issn = {08865930}
}

@inproceedings{Olokede2017c,
    title = {{Equivalent circuit characterization of a novel microstrip ring resonator bandpass filter}},
    year = {2017},
    booktitle = {2017 Progress In Electromagnetics Research Symposium - Spring (PIERS)},
    author = {Olokede, Seyi Stephen and Paul, Babusena},
    month = {5},
    pages = {1826--1834},
    publisher = {IEEE},
    url = {http://ieeexplore.ieee.org/document/8262048/},
    isbn = {978-1-5090-6269-0},
    doi = {10.1109/PIERS.2017.8262048}
}

@article{Hsieh2002,
    title = {{Equivalent lumped elements G, L, C, and unloaded Q's of closed- and open-loop ring resonators}},
    year = {2002},
    journal = {IEEE Transactions on Microwave Theory and Techniques},
    author = {Hsieh, Lung Hwa and Chang, Kai},
    number = {2},
    pages = {453--460},
    volume = {50},
    doi = {10.1109/22.982223},
    issn = {00189480},
    keywords = {Equivalent lumped elements, Ring resonator, Transmission-line model, Unloaded Q}
}

@article{AMIN2015,
    title = {{Erratum to: Folded down-conversion mixer for a 60 GHz receiver architecture in 65-nm CMOS technology}},
    year = {2015},
    journal = {Frontiers of Information Technology {\&} Electronic Engineering},
    author = {AMIN, Najam Muhammad and WANG, Zhi-gong},
    number = {5},
    month = {5},
    pages = {428--428},
    volume = {16},
    url = {http://link.springer.com/10.1631/FITEE.14e0087 http://link.springer.com/article/10.1631/FITEE.14e0087},
    doi = {10.1631/FITEE.14e0087},
    issn = {2095-9184},
    keywords = {10, 1631, c1400087, current reuse, direct conversion, doi, folded mixer, inductorless design, jzus, low power}
}

@article{Brunet-Brunol1978,
    title = {{{\'{E}}tude et r{\'{e}}alisation d'amplificateur {\`{a}} transistor {\`{a}} effet de champ a l'AsGa refroidi {\`{a}} tr{\`{e}}s basse temp{\'{e}}rature}},
    year = {1978},
    journal = {Revue de Physique Appliqu{\'{e}}e},
    author = {Brunet-Brunol, D.},
    number = {4},
    pages = {180--187},
    volume = {13},
    url = {http://www.edpsciences.org/10.1051/rphysap:01978001304018000},
    isbn = {0197800130},
    doi = {10.1051/rphysap:01978001304018000},
    issn = {0035-1687}
}

@inproceedings{Brachtendorf1995,
    title = {{Fast simulation of the steady-state of circuits by the harmonic balance technique}},
    year = {1995},
    booktitle = {Proceedings of ISCAS'95 - International Symposium on Circuits and Systems},
    author = {Brachtendorf, H.G. and Welsch, G and Laur, R},
    pages = {1388--1391},
    volume = {2},
    url = {http://ieeexplore.ieee.org/lpdocs/epic03/wrapper.htm?arnumber=520406},
    isbn = {0-7803-2570-2},
    doi = {10.1109/ISCAS.1995.520406},
    issn = {02714310}
}

@inproceedings{Ionescu2017,
    title = {{FEM modelling of split ring resonator based metamaterials for UWB notch filter applications}},
    year = {2017},
    booktitle = {2017 IEEE 23rd International Symposium for Design and Technology in Electronic Packaging (SIITME)},
    author = {Ionescu, Viorel and Hnatiuc, Mihaela},
    number = {1},
    month = {10},
    pages = {29--32},
    volume = {2},
    publisher = {IEEE},
    url = {http://ieeexplore.ieee.org/document/8259851/},
    isbn = {978-1-5386-1626-0},
    doi = {10.1109/SIITME.2017.8259851},
    keywords = {metamaterial, resonator, transmission spectra}
}

@article{Montiel2012,
    title = {{Folded Marchand Balun Design and Validation Using Sonnet}},
    year = {2012},
    author = {Montiel, Claudio M},
    pages = {680--685},
    keywords = {2012 - columbus, 2012 aces, and validation using sonnet, april 10-14, claudio m, electromagnetics, folded marchand balun design, h annual review of, montiel 1, ohio, progress in applied computational}
}

@article{Shanaa2001,
    title = {{Frequency-scalable SiGe bipolar RF front-end design}},
    year = {2001},
    journal = {IEEE Journal of Solid-State Circuits},
    author = {Shana'a, Osama and Linscott, Ivan and Tyler, Len},
    number = {6},
    pages = {888--895},
    volume = {36},
    isbn = {0780358090},
    doi = {10.1109/4.924851},
    issn = {00189200},
    keywords = {Amplifier noise, Bipolar integrated circuits, Circuit optimization, Circuit synthesis, Microwave amplifiers, Mixers, Radio receivers}
}

@article{Anonymous2008,
    title = {{from slow to 60GHz}},
    year = {2008},
    journal = {Engineering},
    author = {{Anonymous}},
    number = {october},
    pages = {70--73},
    doi = {10.1049/et:20081726},
    issn = {17509637}
}

@inproceedings{Gray1995,
    title = {{Future directions in silicon ICs for RF personal communications}},
    year = {1995},
    booktitle = {Proceedings of the IEEE 1995 Custom Integrated Circuits Conference},
    author = {Gray, P.R. and Meyer, R.G.},
    pages = {83--90},
    publisher = {IEEE},
    url = {http://ieeexplore.ieee.org/lpdocs/epic03/wrapper.htm?arnumber=518142},
    isbn = {0-7803-2584-2},
    doi = {10.1109/CICC.1995.518142},
    issn = {08865930},
    keywords = {800 MHz to 2.5 GHz, Ceramics, Costs, Matched filters, Passive filters, Power dissipation, RF personal communications, Radio frequency, Si, Silicon, Telephony, Transceivers, Wireless LAN, application specific integrated circuits, elemental semiconductors, form factor, integrated circuit technology, integration levels, mobile radio, monolithic integrated circuits, personal communication networks, portable battery-powered RF transceivers, power dissipation, silicon, technological forecasting, transceivers}
}

@article{Vaughan-Nichols2010,
    title = {{Gigabit Wi-Fi Is on Its Way}},
    year = {2010},
    journal = {IEEE Computer Society,},
    author = {Vaughan-Nichols, Steven J.},
    number = {11},
    pages = {11--14},
    volume = {43},
    isbn = {0018-9162},
    doi = {10.1109/MC.2010.318},
    issn = {0018-9162}
}

@article{Meng2009,
    title = {{Gilbert mixers with microwave quadrature/differential generators: An approach for millimeter-wave IC (invited paper)}},
    year = {2009},
    journal = {RWS 2009 IEEE Radio and Wireless Symposium, Proceedings},
    author = {Meng, Chinchun and Tseng, Sheng C.},
    pages = {650--653},
    isbn = {9781424426997},
    doi = {10.1109/RWS.2009.4957435},
    keywords = {Down-converter, Dual-band, Marchand balun, Micromixer, Phase inverter, Quadrature, Rat-race coupler, SiGe BiCMOS, Silicon substrate, Single-sideband, Ultra-wideband, Up-converter, Wideband}
}

@misc{Abrie2009,
    title = {{Guide to Intelligent Data Analysis}},
    year = {2010},
    author = {Berthold, Michael R. and Borgelt, Christian and H{\"{o}}ppner, Frank and Klawonn, Frank},
    pages = {477},
    url = {http://link.springer.com/10.1007/978-1-84882-260-3},
    isbn = {978-1-84882-259-7},
    doi = {10.1007/978-1-84882-260-3},
    issn = {0920-203X},
    pmid = {20529422},
    arxivId = {arXiv:1011.1669v3}
}

@article{QianCai1997,
    title = {{HBT high-frequency modeling and integrated parameter extraction}},
    year = {1997},
    journal = {IEEE Transactions on Microwave Theory and Techniques},
    author = {{Qian Cai} and Gerber, Jason and Rohde, U.L. and Daniel, Tom},
    number = {12},
    pages = {2493--2502},
    volume = {45},
    url = {http://ieeexplore.ieee.org/lpdocs/epic03/wrapper.htm?arnumber=643865},
    doi = {10.1109/22.643865},
    issn = {00189480}
}

@inproceedings{Chiu2012,
    title = {{High performance V-band GaAs power amplifier and low noise amplifier using low-loss transmission line technology}},
    year = {2012},
    booktitle = {2012 4th International High Speed Intelligent Communication Forum, HSIC 2012, Proceeding},
    author = {Chiu, Hsien Chin and Ke, Bo Yu},
    pages = {205--208},
    isbn = {9781467306751},
    doi = {10.1109/HSIC.2012.6212968}
}

@inproceedings{Vaughn1989,
    title = {{High performance V-band low noise amplifiers}},
    year = {1989},
    booktitle = {IEEE MTT-S International Microwave Symposium Digest},
    author = {Vaughn, S and White, K and Mishra, U.K. and Delaney, M.J. and Greiling, P. and Rosenbaum, S.},
    pages = {801--804},
    publisher = {IEEE},
    url = {http://ieeexplore.ieee.org/lpdocs/epic03/wrapper.htm?arnumber=38844},
    doi = {10.1109/MWSYM.1989.38844}
}

@article{Saadi2017,
    title = {{High selective CMOS bandpass filter design for millimeterwave applications}},
    year = {2017},
    journal = {Midwest Symposium on Circuits and Systems},
    author = {Saadi, Abdelhalim A. and Slimane, Abdelhalim and Yagoub, Mustapha C.E. and Touhami, Rachida and Belaroussi, Mohand T.},
    number = {October},
    pages = {16--19},
    isbn = {9781509009169},
    doi = {10.1109/MWSCAS.2016.7869992},
    issn = {15483746},
    keywords = {0.18-{$\mu$}m CMOS, 60ghz, Bandpass filter, Millimeterwave, Wide band}
}

@book{voinigescu2013high,
    title = {{High-Frequency Integrated Circuits}},
    year = {2013},
    author = {Voinigescu, S},
    series = {The Cambridge RF and Microwave Engineering Series},
    publisher = {Cambridge University Press},
    url = {https://books.google.fr/books?id=niMgAwAAQBAJ},
    isbn = {9781107310612}
}

@article{KengLeongFong1998,
    title = {{High-frequency nonlinearity analysis of common-emitter and differential-pair transconductance stages}},
    year = {1998},
    journal = {IEEE Journal of Solid-State Circuits},
    author = {{Keng Leong Fong} and Meyer, R.G.},
    number = {4},
    month = {4},
    pages = {548--555},
    volume = {33},
    url = {papers://b601f53a-84e1-4f0c-abd7-620bc101dbfb/Paper/p4890 http://ieeexplore.ieee.org/lpdocs/epic03/wrapper.htm?arnumber=663559},
    doi = {10.1109/4.663559},
    issn = {00189200}
}

@article{Sarafis2016,
    title = {{High-performance on-chip low-pass filters using CPW and slow-wave-CPW transmission lines on porous silicon}},
    year = {2016},
    journal = {IEEE Transactions on Electron Devices},
    author = {Sarafis, Panagiotis and Nassiopoulou, Androula G. and Issa, Hamza and Ferrari, Philippe},
    number = {1},
    pages = {439--445},
    volume = {63},
    doi = {10.1109/TED.2015.2500339},
    issn = {00189383},
    keywords = {Coplanar waveguides (CPWs), Low-pass filters, Millimeter-wave, Porous silicon (PSi), Slow-wave CPWs (S-CPWs), Steppedimpedance filters (SIFs)}
}

@article{Franc2012,
    title = {{High-performance shielded coplanar waveguides for the design of CMOS 60-GHz bandpass filters}},
    year = {2012},
    journal = {IEEE Transactions on Electron Devices},
    author = {Franc, Anne Laure and Pistono, Emmanuel and Gloria, Daniel and Ferrari, Philippe},
    number = {5},
    pages = {1219--1226},
    volume = {59},
    isbn = {0018-9383 VO - 59},
    doi = {10.1109/TED.2012.2186301},
    issn = {00189383},
    keywords = {CMOS technology, microwave filters, millimeter-wave (mm-wave) integrated circuits, transmission lines}
}

@article{Cho2009,
    title = {{High-performance slow-wave transmission lines with optimized slot-type floating shields}},
    year = {2009},
    journal = {IEEE Transactions on Electron Devices},
    author = {Cho, Hsiu Ying and Yeh, Tzu Jin and Liu, Sally and Wu, Chung Yu},
    number = {8},
    pages = {1705--1711},
    volume = {56},
    isbn = {0018-9383},
    doi = {10.1109/TED.2009.2024034},
    issn = {00189383},
    pmid = {268282400020},
    keywords = {Floating shields, Grounded shields, Slow wave, Transmission lines}
}

@article{Gunnarsson2005,
    title = {{Highly integrated 60 GHz transmitter and receiver MMICs in a GaAs pHEMT technology}},
    year = {2005},
    journal = {IEEE Journal of Solid-State Circuits},
    author = {Gunnarsson, S.E. and Karnfelt, C. and Zirath, Herbert and Kozhuharov, Rumen and Kuylenstierna, Dan and Alping, Arne and Fager, Christian},
    number = {11},
    month = {11},
    pages = {2174--2186},
    volume = {40},
    url = {http://ieeexplore.ieee.org/lpdocs/epic03/wrapper.htm?arnumber=1522557},
    isbn = {0149-645X},
    doi = {10.1109/JSSC.2005.857366},
    issn = {0018-9200},
    keywords = {60 GHz, GaAs, Highly integrated, MMIC, Multi-functional, RX, Receiver, Single-chip, TX, V-band, image rejection, mHEMT, transmitter}
}

@article{Pon1961,
    title = {{Hybrid-Ring Directional Coupler for Arbitrary Power Divisions}},
    year = {1961},
    journal = {IRE Transactions on Microwave Theory and Techniques},
    author = {Pon, C.Y.},
    number = {6},
    month = {11},
    pages = {529--535},
    volume = {9},
    url = {http://ieeexplore.ieee.org/document/1125385/},
    doi = {10.1109/TMTT.1961.1125385},
    issn = {0018-9480}
}

@book{StandardsCommitteeoftheIEEEComputerSociety2012,
    title = {{IEEE Std 802.11adâ¢-2012, IEEE Standard for Information technologyâTelecommunications and information exchange between systemsâLocal and metropolitan area networksâSpecific requirementsâPart 11: Wireless LAN Medium Access Control (MAC) and Physical Layer (}},
    year = {2012},
    author = {Man, L A N and Committee, Standards and Computer, Ieee},
    number = {December},
    volume = {2012},
    isbn = {9780738181097},
    keywords = {60 GHz, A-BFT, ATI, BTI, CBAP, DMG, FST, GCMP, IEEE 802.11ad, PBSS, PBSS control point, PCP, SP, announcement transmission interval, association beamforming training time, beacon transmission interval, beamforming, clustering, contention-based access period, directional multi-gigabit, dynamic allocation of service period, dynamic extension of service period, dynamic truncation of service period, fast session transfer, millimeter-wave, multi-band operation, personal basic service set, relay operation, service period, spatial sharing}
}

@article{Chen2018,
    title = {{Independently Tunable/Controllable Differential Dual-Band Bandpass Filters Using Element-Loaded Stepped-Impedance Resonators}},
    year = {2018},
    journal = {IEEE Transactions on Components, Packaging and Manufacturing Technology},
    author = {Chen, Jian-xin and Du, Ming-zhu and Li, Yun-li and Yang, Yong-jie and Shi, Jin},
    number = {1},
    month = {1},
    pages = {113--120},
    volume = {8},
    url = {http://ieeexplore.ieee.org/document/8094300/},
    doi = {10.1109/TCPMT.2017.2761789},
    issn = {2156-3950}
}

@article{Andersson1995,
    author = {Andersson, M. and Xia, Z. and Kuivalainen, P. and Pohjonen, H.},
    doi = {10.1049/ip-cds:19951628},
    file = {:home/rsmarinho/Documents/these{\_}correction/00365540.pdf:pdf},
    issn = {13502409},
    journal = {IEE Proceedings - Circuits, Devices and Systems},
    keywords = {Andersson1995},
    mendeley-tags = {Andersson1995},
    number = {1},
    pages = {1},
    title = {{Compact Si1-xGex/Si heterojunction bipolar transistor model for device and circuit simulation}},
    url = {https://digital-library.theiet.org/content/journals/10.1049/ip-cds{\_}19951628},
    volume = {142},
    year = {1995}
}

@techreport{mextram2008,
    abstract = {This document presents the definition of the CMC world stardard model Mextram, for vertical bipolar transistors. The goal of this document is to present the full definition of the model, including the parameter set, the equivalent circuit and all the equations for currents, charges and noise sources. Apart from the definition also an introduction into the physical background is given. We have given also a very basic parame- ter extraction procedure. Both the background and the parameter extraction are documented separately in dedicated documents. The transition from Mextram 503 to Mextram 504 is described, to enable the translation of a 503 parameter-set to a 504 parameter- set. At last we have given some numerical examples that can act as a test of implementation.},
    author = {van der Toorn, R. and Paasschens, J.C.J. and {and W.J. Kloosterman}},
    file = {:home/rsmarinho/Documents/these{\_}correction/mextramdefinition{\_}504.7.pdf:pdf},
    institution = {Delft University of Technology},
    keywords = {Mextram,bipolar transistors,circuit simulation,compact modelling,distortion modelling,integrated circuits,large-signal modelling,semiconductor technology},
    number = {March},
    title = {{The Mextram Bipolar Transistor Model}},
    year = {2008}
}

@techreport{ITU2016,
    title = {{ITU-R P.676-11 Attenuation by atmospheric gases - P Series Radiowave propagation}},
    year = {2016},
    booktitle = {ITU},
    author = {{-}},
    pages = {24},
    volume = {11},
    url = {http://www.itu.int/dms_pubrec/itu-r/rec/p/R-REC-P.676-11-201609-I!!PDF-E.pdf},
    institution = {International Telecommunication Union}
}

@inproceedings{Weststrate2009,
    title = {{Limitations of a LC-ladder and capacitive feedback LNA and scaling to mm-wave frequencies}},
    year = {2009},
    booktitle = {2009 International Semiconductor Conference},
    author = {Weststrate, Marnus and Sinha, Saurabh and Neculoiu, Dan},
    month = {10},
    pages = {315--318},
    publisher = {IEEE},
    url = {http://ieeexplore.ieee.org/lpdocs/epic03/wrapper.htm?arnumber=5336534},
    isbn = {978-1-4244-4413-7},
    doi = {10.1109/SMICND.2009.5336534},
    keywords = {capacitive feedback, frequency limitations, lc-ladder filter, low noise amplifier, mm-wave, performance}
}

@book{motchenbacher1993low,
    title = {{Low noise electronic system design}},
    year = {1993},
    author = {Motchenbacher, C D and Connelly, J A},
    publisher = {J. Wiley {\textbackslash}{\&} Sons},
    url = {https://books.google.com.br/books?id=VhkoAQAAMAAJ},
    isbn = {9780471577423}
}

@article{Ieee1970,
    title = {{Low-Frequency Noise Sources in Bipolar Junction Transistors}},
    year = {1970},
    journal = {IEEE Transactions on Electron Devices},
    author = {Jaeger, R. C. and Brodersen, A. J.},
    number = {2},
    pages = {128--134},
    volume = {ED-17},
    doi = {10.1109/T-ED.1970.16937},
    issn = {15579646}
}

@inproceedings{Sun2010,
    title = {{Low-power 60GHz receiver front-end with a variable-gain LNA in SiGe BiCMOS technology}},
    year = {2010},
    booktitle = {2010 IEEE Bipolar/BiCMOS Circuits and Technology Meeting (BCTM)},
    author = {Sun, Yaoming and Scheytt, Christoph J.},
    month = {10},
    pages = {192--195},
    publisher = {IEEE},
    url = {http://ieeexplore.ieee.org/document/5668052/},
    isbn = {978-1-4244-8578-9},
    doi = {10.1109/BIPOL.2010.5668052},
    issn = {10889299},
    keywords = {60 GHz, LNA, Low power, Mixer, Receiver front-end, Silicon bipolar/BiCMOS}
}

@article{Edwall2008,
    title = {{MASTER ' S THESIS Low-Noise Amplifier Design and Optimization}},
    year = {2008},
    author = {Edwall, Marcus}
}

@article{Jankovi2008,
    title = {{Measuring transistor large-signal noise figure for low-power and low phase-noise oscillator design}},
    year = {2008},
    journal = {IEEE Transactions on Microwave Theory and Techniques},
    author = {Jankovi{\'{c}}, MiloÅ¡ and Breitbarth, Jason and Brannon, Alan and Popovi{\'{c}}, Zoya},
    number = {7},
    pages = {1511--1515},
    volume = {56},
    doi = {10.1109/TMTT.2008.924350},
    issn = {00189480},
    keywords = {Large signal, Noise figure (NF), Oscillators, Phase noise}
}

@article{Viallon,
    title = {{Melangeur resistif {\`{a}} sous-echantillonnage dans la bande egre en technologie BiCMOS 0,13Âµm}},
    author = {Viallon, Christophe and Magnani, Alessandro and Borgarino, Mattia and Parra, Thierry and Viallon, Christophe and Magnani, Alessandro and Borgarino, Mattia and M, Thierry Parra}
}

@inproceedings{Yeo2009,
    title = {{Methodology for optimizing gain and noise figure performance of CMOS LNAs at 60GHz and beyond}},
    year = {2009},
    booktitle = {2009 IEEE International Symposium on Radio-Frequency Integration Technology, RFIT 2009},
    author = {Yeo, Siok Been and Brinkhoff, James and Lin, Fujiang and Xu, Yong Ping},
    pages = {241--244},
    isbn = {9781424450312},
    doi = {10.1109/RFIT.2009.5383709},
    keywords = {CMOS digital integrated circuits, Gain, LNA, Noise measurement}
}

@article{Lnas,
    title = {{Methodology for simultaneous noise and impedance matching in W-band LNAs}},
    year = {2006},
    journal = {Technical Digest - IEEE Compound Semiconductor Integrated Circuit Symposium, CSIC},
    author = {Nicolson, S. T. and Voinigescu, S. P.},
    number = {5},
    pages = {279--282},
    isbn = {1424401267},
    doi = {10.1109/CSICS.2006.319954},
    issn = {15508781},
    keywords = {LNAs, Millimeter-wave circuits, Noise matching, Radio frequency CMOS, W-band}
}

@article{Alvarado2008,
    title = {{Micro and Millimeter Wave Circuit Design in Silicon With Considerations for Noise Reduction and on-Chip Passive}},
    year = {2008},
    author = {Alvarado, Javier},
    number = {May}
}

@book{Sedra2010,
    title = {{Microelectronic Circuits: International edition}},
    year = {2010},
    author = {Sedra, A S and Smith, K C},
    series = {Oxford Series in Electrical and Computer Engineering},
    publisher = {Oxford University Press, USA},
    url = {https://books.google.com/books?id=KuGCRAAACAAJ},
    isbn = {9780199738519}
}

@article{Huang2009,
    title = {{Micromachined V-band CMOS bandpass filter with 2dB insertion loss}},
    year = {2009},
    journal = {Electronics Letters},
    author = {Huang, P.-L. and Chang, J.-F. and Lin, Y.-S. and Lu, S.-S.},
    number = {2},
    pages = {100},
    volume = {45},
    isbn = {9781424444762},
    doi = {10.1049/el:20092862},
    issn = {00135194}
}

@article{Wolff1972,
    title = {{Microstrip bandpass filter using degenerate modes of a microstrip ring resonator}},
    year = {1972},
    journal = {Electronics Letters},
    author = {Wolff, I.},
    number = {12},
    pages = {302},
    volume = {8},
    url = {http://digital-library.theiet.org/content/journals/10.1049/el_19720223},
    isbn = {1350-911X},
    doi = {10.1049/el:19720223},
    issn = {00135194}
}

@book{hong2004microstrip,
    title = {{Microstrip Filters for RF / Microwave Applications, 2nd Edition}},
    year = {2011},
    author = {{Jia-Sheng Hong}},
    pages = {656},
    series = {Wiley Series in Microwave and Optical Engineering},
    volume = {7},
    publisher = {Wiley},
    url = {https://market.android.com/details?id=book-vj0hz1KUAXoC},
    isbn = {0471388777},
    doi = {10.1002/0471221619},
    issn = {1527-3342},
    pmid = {25246403},
    arxivId = {arXiv:1011.1669v3}
}

@article{Xu2013,
    title = {{Microstrip multi-band bandpass filters using a single improved ring resonator}},
    year = {2013},
    journal = {IEEE Antennas and Propagation Society, AP-S International Symposium (Digest)},
    author = {Xu, Kaida and Zhang, Yonghong and Fan, Yong and Joines, William T. and Liu, Qing Huo},
    pages = {794--795},
    isbn = {9781467353175},
    doi = {10.1109/APS.2013.6711056},
    issn = {15223965}
}

@article{Wolff1971,
    title = {{Microstrip ring resonator and dispersion measurement on microstrip lines}},
    year = {1971},
    journal = {Electronics Letters},
    author = {Wolff, I. and Knoppik, N.},
    pages = {779},
    volume = {7},
    isbn = {0013-5194 VO - 7},
    doi = {10.1049/el:19710532},
    issn = {00135194}
}

@article{Niknejad2007,
    title = {{Microwave and mm-Wave CMOS Low Noise Amplifiers}},
    year = {2007},
    author = {Niknejad, Ali}
}

@book{Chang2004book,
    title = {{Microwave Ring Circuits and Related}},
    year = {2004},
    booktitle = {John Wiley {\&} Sons},
    author = {Chang, Kai and Hsieh, L. H.},
    isbn = {9786468600},
    doi = {10.1109/MCD.2006.1708387},
    issn = {8755-3996},
    pmid = {25246403},
    arxivId = {arXiv:1011.1669v3}
}

@article{Welch2006,
    title = {{Millimeter Wave Integrated Silicon Transceiver Design for}},
    year = {2006},
    author = {Welch, Brian Patrick},
    number = {August}
}

@article{Technology2007,
    title = {{Millimeter-Wave Bandpass Filters by Standard}},
    year = {2007},
    journal = {IEEE Electron Device Letters},
    author = {Technology, Cmos},
    number = {3},
    pages = {220--222},
    volume = {28}
}

@article{Doan2005,
    title = {{Millimeter-wave CMOS design}},
    year = {2005},
    journal = {IEEE Journal of Solid-State Circuits},
    author = {Doan, C.H. and Emami, Sohrab and Niknejad, A.M. and Brodersen, R.W.},
    number = {1},
    month = {1},
    pages = {144--155},
    volume = {40},
    url = {http://ieeexplore.ieee.org/lpdocs/epic03/wrapper.htm?arnumber=1374998},
    isbn = {0018-9200 VO - 40},
    doi = {10.1109/JSSC.2004.837251},
    issn = {0018-9200},
    keywords = {CMOS millimeter-wave integrated circuits, Coplanar waveguides, F max, High-speed integrated circuits, Integrated circuit modeling, Millimeter-wave amplifiers, Q-factor, Transmission lines, Wideband amplifiers}
}

@inproceedings{Lu2009a,
    title = {{Miniature 60-GHz-band bandpass filter with 2.55-dB insertion-loss using standard 0.13{\$}{\textbackslash}mu{\$}m CMOS technology}},
    year = {2009},
    booktitle = {2009 International Symposium on VLSI Design, Automation and Test},
    author = {{Mei-Ching Lu} and {Jin-Fa Chang} and {Li-Chun Lu} and {Yo-Sheng Lin}},
    month = {4},
    pages = {92--95},
    publisher = {IEEE},
    url = {http://ieeexplore.ieee.org/document/5158103/},
    isbn = {978-1-4244-2781-9},
    doi = {10.1109/VDAT.2009.5158103}
}

@article{Lu2011,
    title = {{Miniaturised 60 GHz rectangular ring bandpass filter in 90 nm CMOS technology}},
    year = {2011},
    journal = {Electronics Letters},
    author = {Lu, H.-C. and Yeh, C.-S. and Wei, S.-A.},
    number = {7},
    pages = {448--450},
    volume = {47},
    isbn = {0013-5194 VO - 47},
    doi = {10.1049/el.2010.3636},
    issn = {00135194},
    keywords = {CMOS integrated circuits, CMOS technology, band-pass filters, capacitors, dual-mode rectangular ring bandpass filter, electromagnetic simulation, field effect MIMIC, frequency 60 GHz, meander lines, millimetre wave filters, size 90 nm, transmission lines}
}

@article{Wong2010,
    title = {{Miniaturized dual mode microwave filter}},
    year = {2010},
    journal = {2010 Asia-Pacific Microwave Conference},
    author = {Wong, P W},
    number = {1},
    pages = {1090--1093},
    volume = {0},
    isbn = {2165-4727},
    keywords = {microwave filters resonator filters dual mode resp}
}

@article{Lin2013,
    title = {{Miniaturized microstrip quadruple-mode ring resonator filter with quasi-elliptic passband}},
    year = {2013},
    journal = {2013 IEEE International Wireless Symposium, IWS 2013},
    author = {Lin, Tsu Wei and Kuo, Jen Tsai and Chung, Shyh Jong},
    number = {c},
    pages = {3--6},
    volume = {0},
    isbn = {9781467321419},
    doi = {10.1109/IEEE-IWS.2013.6616779},
    keywords = {coupling matrix, miniaturization, planar filter, quadruple-mode, quasi-elliptic function passband, ring resonator, source-load coupling}
}

@inproceedings{Vanukuru2014,
    title = {{Miniaturized millimeter-wave narrow bandpass filter in 0.18 {\&}amp;{\#}x03BC;m CMOS technology using spiral inductors and inter digital capacitors}},
    year = {2014},
    booktitle = {2014 International Conference on Signal Processing and Communications (SPCOM)},
    author = {Vanukuru, Venkata Narayana Rao and Godavarthi, Nagasatish and Chakravorty, Anjan},
    month = {7},
    pages = {1--4},
    publisher = {IEEE},
    url = {http://ieeexplore.ieee.org/document/7945914/ http://ieeexplore.ieee.org/lpdocs/epic03/wrapper.htm?arnumber=6983960},
    isbn = {978-1-4799-4665-5},
    doi = {10.1109/SPCOM.2014.6983960}
}

@article{Fouad,
    title = {{Mm wave LNA using feedback guanella transmission line transformer}},
    year = {2017},
    journal = {Midwest Symposium on Circuits and Systems},
    author = {Fouad, Mona M. and Aboudina, Mohamed M. and Eladawy, Ahmed and Hashish, Essam A.},
    isbn = {9781509009169},
    doi = {10.1109/MWSCAS.2016.7870084},
    issn = {15483746},
    keywords = {60ghz, Low noise amplifier, Mm wave, Radio frequency, Transformer, Transmission line}
}

@article{Niknejad2008,
    title = {{mm-Wave Silicon Technology 60 GHz and Beyond}},
    year = {2008},
    journal = {Springer},
    author = {Niknejad, Ali M and Hashemi, Hossein},
    pages = {302},
    isbn = {9780387765587},
    doi = {10.1007/978-0-387-76561-7}
}

@inproceedings{Taris2008,
    title = {{Mm-Waves design trends in BiCMOS technology}},
    year = {2008},
    booktitle = {2008 Joint IEEE North-East Workshop on Circuits and Systems and TAISA Conference, NEWCAS-TAISA},
    author = {Taris, T. and Severino, R. and Deval, Y. and Begueret, J. B.},
    month = {6},
    pages = {375--379},
    publisher = {IEEE},
    url = {http://ieeexplore.ieee.org/document/4606399/},
    isbn = {9781424423323},
    doi = {10.1109/NEWCAS.2008.4606399}
}

@article{Zhang2006,
    title = {{Modeling and design of microwave-millimeterwave filters and multiplexers}},
    year = {2006},
    author = {Zhang, Y},
    url = {http://drum.lib.umd.edu/handle/1903/4116}
}

@article{Fathelbab2005,
    title = {{New classes of miniaturized planar Marchand baluns}},
    year = {2005},
    journal = {IEEE Transactions on Microwave Theory and Techniques},
    author = {Fathelbab, W.M. and Steer, M.B.},
    number = {4},
    month = {4},
    pages = {1211--1220},
    volume = {53},
    url = {http://ieeexplore.ieee.org/lpdocs/epic03/wrapper.htm?arnumber=1420750},
    doi = {10.1109/TMTT.2005.845707},
    issn = {0018-9480},
    keywords = {High-pass/bandpass prototypes, Marchand balun, Network synthesis, Transmission zeros}
}

@article{Evaluation2016,
    title = {{Next Generation 5G Wireless Networks : A Comprehensive Survey}},
    year = {2016},
    journal = {Ieee Communications Surveys {\&} Tutorials},
    author = {Evaluation, For},
    number = {3},
    pages = {2005--2008},
    volume = {18},
    url = {http://ieeexplore.ieee.org/document/7414384/},
    isbn = {1553-877X},
    doi = {10.1109/COMST.2016.2532458},
    issn = {1553877X},
    keywords = {2016, MamtaAgiwal}
}

@article{Li2014a,
    title = {{Next generation wireless networks - Especially the use of milli-microwave bands}},
    year = {2014},
    journal = {China Communications},
    author = {Li, Shaoqian},
    number = {6},
    volume = {11},
    doi = {10.1109/CC.2014.6878997},
    issn = {16735447}
}

@inproceedings{Iwamura2015,
    title = {{NGMN View on 5G Architecture}},
    year = {2015},
    booktitle = {2015 IEEE 81st Vehicular Technology Conference (VTC Spring)},
    author = {Iwamura, Mikio},
    month = {5},
    pages = {1--5},
    volume = {2015},
    publisher = {IEEE},
    url = {http://ieeexplore.ieee.org/lpdocs/epic03/wrapper.htm?arnumber=7145953},
    isbn = {978-1-4799-8088-8},
    doi = {10.1109/VTCSpring.2015.7145953},
    issn = {15502252},
    keywords = {5G architecture, 5G design principles, 5G radio access technology, NGMN, Network slicing}
}

@article{Bilotti1975,
    title = {{Noise Characteristics of Current Mirror Sinks/Sources}},
    year = {1975},
    journal = {IEEE Journal of Solid-State Circuits},
    author = {Bilotti, Alberto and Mariani, Eduardo},
    number = {6},
    pages = {516--524},
    volume = {10},
    doi = {10.1109/JSSC.1975.1050652},
    issn = {1558173X}
}

@article{Faulkner,
    title = {{Noise Considerations in the Design of Current Sources}},
    author = {Faulkner, E A and Eng, C}
}

@inproceedings{Sakian2010,
    title = {{Noise figure and S-parameter measurement setups for on-wafer differential 60GHz circuits}},
    year = {2010},
    booktitle = {76th ARFTG Microwave Measurement Conference: Millimeter-Wave Measurements and Modeling, ARFTG 2010},
    author = {Sakian, Pooyan and Janssen, Erwin and Essing, Jaap and Mahmoudi, Reza and Van Roermund, Arthur},
    isbn = {9781424474486},
    doi = {10.1109/ARFTG76.2010.5700051},
    keywords = {60GHz, Differential, Measurement, Noise figure, S-parameter, mmwave}
}

@inproceedings{Sakalas2015,
    title = {{Noise in advanced bipolar transistors at mm-wave frequencies}},
    year = {2015},
    booktitle = {2015 International Conference on Noise and Fluctuations, ICNF 2015},
    author = {Sakalas, P. and Schroter, M.},
    month = {6},
    pages = {1--6},
    publisher = {IEEE},
    url = {http://ieeexplore.ieee.org/document/7288542/},
    isbn = {9781467383356},
    doi = {10.1109/ICNF.2015.7288542},
    keywords = {Compact modeling, HICUM, InGaP/GaAs HBT, InP/InGaAs HBT, Noise parameters, Si/SiGe HBT, mm-waves}
}

@book{maas2005noise,
    title = {{Noise in linear and nonlinear circuits}},
    year = {2005},
    author = {Mass, Stphen A.},
    series = {Artech House microwave library},
    publisher = {Artech House},
    url = {https://books.google.com.br/books?id=EQpTAAAAMAAJ},
    isbn = {9781580538497}
}

@book{maas1986mixers,
 author = {Maas, Stephen A.},
 title = {Microwave Mixers},
 year = {1986},
 isbn = {0890061718},
 publisher = {Artech House, Inc.},
 address = {Norwood, MA, USA},
} 

[download] 

@article{Niu2005,
    title = {{Noise in SiGe HBT RF technology: Physics, modeling, and circuit implications}},
    year = {2005},
    journal = {Proceedings of the IEEE},
    author = {Niu, Guofu},
    number = {9},
    pages = {1583--1597},
    volume = {93},
    doi = {10.1109/JPROC.2005.852226},
    issn = {00189219},
    keywords = {1/f noise, Corner frequency, Cyclostationary noise, Noise figure, Noise parameters, Phase noise, SiGe heterojunction bipolar transistor (HBT), Upconversion}
}

@article{Hagen1990,
    title = {{Noise parameter transformations for three-terminal amplifiers}},
    year = {1990},
    journal = {IEEE Transactions on Microwave Theory and Techniques},
    author = {Hagen, J.B.},
    number = {3},
    month = {3},
    pages = {319--321},
    volume = {38},
    url = {http://ieeexplore.ieee.org/lpdocs/epic03/wrapper.htm?arnumber=45351},
    doi = {10.1109/22.45351},
    issn = {00189480}
}

@article{Sweeney,
    title = {{Noise Performance Scaling in High-speed Silicon RF Technologies}},
    author = {Sweeney, S and Jagannathan, B and Freeman, G and Ahlgren, D and Junction, Hopewell},
    pages = {2--5}
}

@inproceedings{Plana1997,
    title = {{Noise properties of micro-wave heterojunction bipolar transistors}},
    year = {1997},
    booktitle = {1997 21st International Conference on Microelectronics. Proceedings},
    author = {Plana, R. and Escotte, L},
    pages = {215--222},
    volume = {1},
    publisher = {IEEE},
    url = {http://ieeexplore.ieee.org/lpdocs/epic03/wrapper.htm?arnumber=625221},
    isbn = {0-7803-3664-X},
    doi = {10.1109/ICMEL.1997.625221}
}

@inproceedings{Alvarado2005,
    title = {{Noise Reduction in LNAs Using a Conductive Path to Ground Technique in SiGe Technology}},
    year = {2005},
    booktitle = {2005 IEEE Asian Solid-State Circuits Conference},
    author = {Alvarado, Javier and Duster, Jon and Kornegay, Kevin},
    month = {11},
    pages = {185--188},
    publisher = {IEEE},
    url = {http://ieeexplore.ieee.org/lpdocs/epic03/wrapper.htm?arnumber=4017562},
    isbn = {0-7803-9162-4},
    doi = {10.1109/ASSCC.2005.251696}
}

@article{Jiang2002,
    title = {{Nonlinear dynamic analysis of speech from pathological subjects}},
    year = {2002},
    journal = {Electronics Letters},
    author = {Jiang, JJ and Zhang, Y},
    number = {6},
    pages = {294--295},
    volume = {38},
    url = {http://digital-library.theiet.org/content/journals/10.1049/el_20020198},
    isbn = {0013-5194},
    doi = {10.1049/e1},
    issn = {0013-5194}
}

@article{Tkadlec2016,
    title = {{Novel dual open-loop ring resonator for compact planar filters}},
    year = {2016},
    journal = {European Microwave Week 2016: "Microwaves Everywhere", EuMW 2016 - Conference Proceedings; 46th European Microwave Conference, EuMC 2016},
    author = {Tkadlec, Roman and MacChiarella, Giuseppe},
    pages = {449--452},
    isbn = {9782874870439},
    doi = {10.1109/EuMC.2016.7824376},
    keywords = {Compact filter, Low PIM resonator, Open-loop resonator, Ring resonator, Suspended stripline}
}

@inproceedings{Zito2008,
    title = {{On exploiting new circuit topologies for the next-generation wireless transceivers at the u- and mm-waves}},
    year = {2008},
    booktitle = {2008 Joint IEEE North-East Workshop on Circuits and Systems and TAISA Conference, NEWCAS-TAISA},
    author = {Zito, Domenico},
    month = {6},
    pages = {380--383},
    publisher = {IEEE},
    url = {http://ieeexplore.ieee.org/document/4606400/},
    isbn = {9781424423323},
    doi = {10.1109/NEWCAS.2008.4606400}
}

@inproceedings{Rashtian2010,
    title = {{On the use of body biasing to control gain, linearity, and noise figure of a mm-wave CMOS LNA}},
    year = {2010},
    booktitle = {Proceedings of the 8th IEEE International NEWCAS Conference, NEWCAS2010},
    author = {Rashtian, Hooman and Majek, CÃ©dric and Mirabbasi, Shahriar and Taris, Thierry and Deval, Yann and Begueret, Jean Baptiste},
    pages = {333--336},
    isbn = {9781424468058},
    doi = {10.1109/NEWCAS.2010.5604026}
}

@inproceedings{Cuenca2017,
    title = {{On-chip mm-wave spherical dielectric resonator bandpass filter}},
    year = {2017},
    booktitle = {2017 IEEE MTT-S International Microwave Symposium (IMS)},
    author = {Cuenca, Daniel Lopez and Alavi, Golzar and Hesselbarth, Jan},
    month = {6},
    pages = {1460--1463},
    publisher = {IEEE},
    url = {http://ieeexplore.ieee.org/document/8058896/},
    isbn = {978-1-5090-6360-4},
    doi = {10.1109/MWSYM.2017.8058896}
}

@inproceedings{Gil2010,
    title = {{Optimized passive devices for low-power LNA design}},
    year = {2010},
    booktitle = {2010 IEEE International Conference on Electronics, Circuits, and Systems, ICECS 2010 - Proceedings},
    author = {Gil, Ignacio and Fern{\'{a}}ndez, Raul and Sieiro, Javier J. and L{\'{o}}pez-Villegas, JosÃ© M.},
    pages = {90--93},
    isbn = {9781424481576},
    doi = {10.1109/ICECS.2010.5724461},
    keywords = {ISM-band, LNA, Low-power, Q-factor}
}

@article{Schiltz2010,
    title = {{Passive Mixers Increase Gain and Decrease Noise When Compared to Active Mixers in Downconverter Applications}},
    year = {2010},
    author = {Schiltz, Tom and Beckwith, Bill and Wang, Xudong and Stuetzle, Doug},
    number = {October},
    pages = {39--41}
}

@article{Yue2000,
    title = {{Physical modeling of spiral inductors on silicon}},
    year = {2000},
    journal = {IEEE Transactions on Electron Devices},
    author = {Yue, C.P. and Wong, S.S.},
    number = {3},
    month = {3},
    pages = {560--568},
    volume = {47},
    url = {http://ieeexplore.ieee.org/lpdocs/epic03/wrapper.htm?arnumber=824729},
    isbn = {0018-9383},
    doi = {10.1109/16.824729},
    issn = {00189383}
}

@inproceedings{Jen-TsaiKuo2017,
    title = {{Planar dual-mode dual-band dual-ring resonator bandpass filter}},
    year = {2017},
    booktitle = {2017 IEEE MTT-S International Conference on Numerical Electromagnetic and Multiphysics Modeling and Optimization for RF, Microwave, and Terahertz Applications, NEMO 2017},
    author = {Kuo, Jen Tsai and Lu, Yi Ting and Lin, Hung Mao},
    month = {5},
    pages = {4--6},
    publisher = {IEEE},
    url = {http://ieeexplore.ieee.org/document/7964168/},
    isbn = {9781509048373},
    doi = {10.1109/NEMO.2017.7964168},
    keywords = {Bandpass Filter, Dual-band, Dual-mode, Ring resonator, Transmission zero}
}

@article{Das2013,
    title = {{Practical Considerations for Low Noise Amplifier Design}},
    year = {2013},
    journal = {Freescale Semiconductor},
    author = {Das, Tim},
    pages = {1--10},
    keywords = {E-pHEMT, GaAs, LNA, WiMAX, base station, low noise}
}

@book{Tobergte2013,
    title = {{Practical RF Circuit Design For Modern Wireless System}},
    year = {2013},
    booktitle = {Journal of Chemical Information and Modeling},
    author = {Tobergte, David R. and Curtis, Shirley},
    number = {9},
    pages = {1689--1699},
    volume = {53},
    isbn = {9788578110796},
    doi = {10.1017/CBO9781107415324.004},
    issn = {1098-6596},
    pmid = {25246403},
    arxivId = {arXiv:1011.1669v3},
    keywords = {icle}
}

@inproceedings{Walkey1995,
    title = {{Predictive modelling of lateral scaling in bipolar transistors}},
    year = {1995},
    booktitle = {Proceedings of Bipolar/Bicmos Circuits and Technology Meeting},
    author = {Walkey, D.J. and Schroter, M and Voinigescu, S},
    pages = {74--77},
    publisher = {IEEE},
    url = {http://ieeexplore.ieee.org/lpdocs/epic03/wrapper.htm?arnumber=493870},
    isbn = {0-7803-2778-0},
    doi = {10.1109/BIPOL.1995.493870}
}

@article{Lee,
    title = {{Proceedings of the 3rd European Microwave Integrated Circuits Conference A Fully Integrated 60 GHz SiGe BiCMOS Mixer}},
    author = {Lee, Sang-Heung and Lee, Ja-Yol and Kim, Haecheon}
}

@incollection{Rogers2014,
    title = {{Radio Frequency Integrated Circuit Design}},
    year = {2015},
    booktitle = {Artech House},
    author = {Melorose, J. and Perroy, R. and Careas, S.},
    pages = {535},
    series = {Artech House microwave library},
    volume = {1},
    publisher = {Artech House},
    url = {https://books.google.fr/books?id=mL_dDPfWMxYC},
    isbn = {1607839806},
    issn = {9781607839804},
    keywords = {icle}
}

@inproceedings{XiaojuenYuan2002,
    title = {{RF linearity study of SiGe HBTs for low power RFIC design. I}},
    year = {2002},
    booktitle = {2002 3rd International Conference on Microwave and Millimeter Wave Technology, 2002. Proceedings. ICMMT 2002.},
    author = {{Xiaojuen Yuan} and Lie, D.Y.C. and Larson, L.E. and Blonski, J. and Gross, J and Kumar, M and Mecke, J and Senior, A. and Chen, Y and Poh, Andrew and Harame, David},
    pages = {70--73},
    publisher = {IEEE},
    url = {http://ieeexplore.ieee.org/document/1187637/},
    isbn = {0-7803-7486-X},
    doi = {10.1109/ICMMT.2002.1187637}
}

@book{razavi2011rf,
    title = {{RF microelectronics 1 edition}},
    year = {1998},
    author = {Razavi, B and Behzad, R},
    pages = {335},
    series = {Prentice Hall International Series in the Physical and Chemical Engineering Sciences},
    publisher = {Pearson Education},
    url = {ftp://doc.nit.ac.ir/cee/m.zahabi/BOOKS/CommCircuits/RF Razavi/Chapter1.pdf},
    isbn = {0138875715}
}

@book{Razavi1998,
    title = {{RF microelectronics 2nd edition}},
    year = {1998},
    author = {Razavi, B and Behzad, R},
    pages = {335},
    series = {Prentice Hall International Series in the Physical and Chemical Engineering Sciences},
    publisher = {Pearson Education},
    url = {ftp://doc.nit.ac.ir/cee/m.zahabi/BOOKS/CommCircuits/RF Razavi/Chapter1.pdf},
    isbn = {9780137134731},
    doi = {0137134738 9780137134731},
    arxivId = {0137134738 9780137134731}
}

@inproceedings{Brinkhoff2008,
    title = {{Scalable transmission line and inductor models for CMOS millimeter-wave design}},
    year = {2008},
    booktitle = {IEEE Transactions on Microwave Theory and Techniques},
    author = {Brinkhoff, James and Koh, Kok Siang Steve and Kang, Kai and Lin, Fujiang},
    number = {12},
    pages = {2954--2962},
    volume = {56},
    doi = {10.1109/TMTT.2008.2007337},
    issn = {00189480},
    keywords = {CMOS millimeter-wave integrated circuits, Deembedding, Inductors, Integrated circuit modeling, Monolithic microwave integrated circuits (MMICs), Scalable models, Transmission lines}
}

@article{Osseiran2014,
    title = {{Scenarios for 5G mobile and wireless communications: The vision of the METIS project}},
    year = {2014},
    journal = {IEEE Communications Magazine},
    author = {Osseiran, Afiffile:///home/rsmarinho/Downloads/osseiran2014.pdf and Boccardi, Federico and Braun, Volker and Kusume, Katsutoshi and Marsch, Patrick and Maternia, Michal and Queseth, Olav and Schellmann, Malte and Schotten, Hans and Taoka, Hidekazu and Tullberg, Hugo and Uusitalo, Mikko A. and Timus, Bogdan and Fallgren, Mikael},
    number = {5},
    month = {5},
    pages = {26--35},
    volume = {52},
    url = {http://ieeexplore.ieee.org/document/6815890/},
    isbn = {0163-6804},
    doi = {10.1109/MCOM.2014.6815890},
    issn = {01636804},
    pmid = {24439530},
    arxivId = {1011.1669}
}

@article{Cheung2006,
    title = {{Shielded Passive Devices for Silicon-Based Monolithic Microwave and Millimeter-Wave Integrated Circuits}},
    year = {2006},
    journal = {IEEE Journal of Solid-State Circuits},
    author = {Cheung, T.S.D. and Long, J.R.},
    number = {5},
    month = {5},
    pages = {1183--1200},
    volume = {41},
    url = {papers://b601f53a-84e1-4f0c-abd7-620bc101dbfb/Paper/p6293 http://ieeexplore.ieee.org/lpdocs/epic03/wrapper.htm?arnumber=1624408},
    doi = {10.1109/JSSC.2006.872737},
    issn = {0018-9200}
}

@inproceedings{Dickson2004,
    title = {{Si-based inductors and transformers for 30-100 GHz applications}},
    year = {2004},
    booktitle = {2004 IEEE MTT-S International Microwave Symposium Digest (IEEE Cat. No.04CH37535)},
    author = {Dickson, T. and LaCroix, M.-A. and Boret, S. and Gloria, D. and Beerkens, R. and Voinigescu, S.P.},
    number = {cM},
    pages = {205--208},
    publisher = {IEEE},
    url = {http://ieeexplore.ieee.org/xpl/freeabs_all.jsp?arnumber=1335845 http://ieeexplore.ieee.org/lpdocs/epic03/wrapper.htm?arnumber=1335845},
    isbn = {0-7803-8331-1},
    doi = {10.1109/MWSYM.2004.1335845},
    issn = {0149-645X}
}

@article{JatoLlano,
    title = {{SiGe BiCMOS LNA meeting FCC Part 15 ultra-wideband restrictions}},
    year = {2004},
    journal = {Digest of Papers. 2004 Topical Meeting onSilicon Monolithic Integrated Circuits in RF Systems, 2004.},
    author = {Llano, Y.J. and Guardado, A.H.},
    pages = {183--186},
    isbn = {0-7803-8703-1},
    doi = {10.1109/SMIC.2004.1398198},
    keywords = {Darlington amplifier, Index Terms â SiGe LNA, UWB, low noise}
}

@article{Floyd2005,
    title = {{SiGe bipolar transceiver circuits operating at 60 GHz}},
    year = {2005},
    journal = {IEEE Journal of Solid-State Circuits},
    author = {Floyd, Brian A. and Reynolds, Scott K. and Pfeiffer, Ullrich R. and Zwick, Thomas and Beukema, Troy and Gaucher, Brian},
    number = {1},
    month = {1},
    pages = {156--167},
    volume = {40},
    url = {http://ieeexplore.ieee.org/lpdocs/epic03/wrapper.htm?arnumber=1374999 http://ieeexplore.ieee.org/document/1374999/},
    doi = {10.1109/JSSC.2004.837250},
    issn = {00189200},
    keywords = {60 GHz, Direct-conversion receiver, Low-noise amplifier (LNA), Millimeter-wave bipolar integrated circuits, Mixer, Power amplifier, SiGe, V-band, Voltage-controlled oscillator (VCO)}
}

@article{Niknejad2010,
    title = {{Siliconization of 60 GHz}},
    year = {2010},
    journal = {IEEE Microwave Magazine},
    author = {Niknejad, Ali M.},
    number = {1},
    month = {2},
    pages = {78--85},
    volume = {11},
    url = {http://ieeexplore.ieee.org/document/5399410/},
    isbn = {1527-3342},
    doi = {10.1109/MMM.2009.935209},
    issn = {15273342}
}

@article{Senior2010,
    title = {{Single and Dual Band Bandpass Filters Using Complementary Split Ring Resonator Loaded Half Mode Substrate Integrated Waveguide}},
    year = {2010},
    journal = {IEEE Antennas and Propagation Society International Symposium},
    author = {Senior, David E. and Cheng, Xiaoyu and Machado, Melroy and Yoon, Yong-Kyu},
    pages = {1--4},
    isbn = {9781424449682},
    doi = {10.1109/APS.2010.5561779},
    issn = {1522-3965}
}

@inproceedings{Karim2012,
    title = {{SiP-based 60GHz transmitter in LTCC}},
    year = {2012},
    booktitle = {Proceedings of the 2012 IEEE International Symposium on Radio-Frequency Integration Technology, RFIT 2012},
    author = {Karim, M K and Sun, M and Ong, L C and Guo, Y X and Lin, F and Luo, B},
    pages = {13--15},
    isbn = {9781467323048},
    doi = {10.1109/RFIT.2012.6401598},
    keywords = {60GHz radio, Amplitude shift keying, LTCC, SiP, aperture coupled patch antenna, millimeter wave, modems}
}

@article{Basaran2005,
    title = {{Small-signal and high-frequency noise modeling of SiGe HBTs}},
    year = {2005},
    journal = {IEEE Transactions on Microwave Theory and Techniques},
    author = {Basaran, Umut and Wieser, Nikolai and Feiler, Gernot and Berroth, Manfred},
    number = {3},
    month = {3},
    pages = {919--928},
    volume = {53},
    url = {http://ieeexplore.ieee.org/lpdocs/epic03/wrapper.htm?arnumber=1406286},
    isbn = {0018-9480},
    doi = {10.1109/TMTT.2004.842490},
    issn = {0018-9480},
    keywords = {BiCMOS, High-frequency noise modeling, Noise parameters, Parameter extraction, SiGe HBT}
}

@article{BBChaplin1957,
    title = {{Some Transistor Input Stages for High-Gain D.C. Amplifiers}},
    year = {1957},
    author = {B B Chaplin, By G and Owens, A R},
    number = {2382},
    pages = {249--257}
}

@article{Rappaport2011,
    title = {{State of the art in 60-GHz integrated circuits and systems for wireless communications}},
    year = {2011},
    journal = {Proceedings of the IEEE},
    author = {Rappaport, Theodore S. and Murdock, James N. and Gutierrez, Felix},
    number = {8},
    month = {8},
    pages = {1390--1436},
    volume = {99},
    url = {http://ieeexplore.ieee.org/document/5958173/},
    isbn = {0018-9219},
    doi = {10.1109/JPROC.2011.2143650},
    issn = {00189219},
    keywords = {60-GHz communication, Analog-to-digital converters (ADCs), CMOS integrated circuits, CMOS process, IEEE standards, MOSFETs, broadband communication, circuits and systems, communication standards, in-package antennas, integrated circuit modeling, low-noise amplifiers (LNAs), millimeter-wave (mm-wave) communication, millimeter-wave integrated circuits, millimeter-wave propagation, mixers, on-chip antennas, power amplifiers (PAs), radio-frequency integrated circuits (RFICs), semiconductor waveguides, subterahertz wireless, transmission lines, voltage-controlled oscillators (VCOs)}
}

@article{Mouthaan2013b,
    title = {{Status and design challenges of 60 GHz passive bandpass filters in standard CMOS}},
    year = {2013},
    journal = {2013 IEEE International Wireless Symposium, IWS 2013},
    author = {Mouthaan, Koen and Lu, Xiaoming and Hu, Feng and Hu, Zijie and Taslimi, Azadeh},
    pages = {3--6},
    isbn = {9781467321419},
    doi = {10.1109/IEEE-IWS.2013.6616729},
    keywords = {60 GHz band, CMOS technology, bandpass filter, millimeter-wave circuits}
}

@article{Randall1999,
    title = {{The Design of CMOS Radio-Frequency Integrated Circuits}},
    year = {1999},
    journal = {Contemporary Physics},
    author = {Randall, M J},
    number = {6},
    month = {7},
    pages = {454},
    volume = {40},
    publisher = {Cambridge University Press},
    url = {http://search.proquest.com/docview/209586824?accountid=15533},
    isbn = {00107514},
    doi = {10.1109/MCD.2006.1708388},
    issn = {87553996},
    keywords = {Physics; Nonfiction; Textbooks; Integrated circuit}
}

@inproceedings{Lin2004,
    title = {{The effect of geometry on the noise characterization of SiGe HBTs and optimized device sizes for the design of low-noise amplifiers}},
    year = {2004},
    booktitle = {IEEE Transactions on Microwave Theory and Techniques},
    author = {Lin, Chien Hsun and Su, Yan Kuin and Juang, Ying Zong and Chuang, Ricky W. and Chang, Shoou Jinn and Chen, Jone F. and Tu, Chih Ho},
    number = {9 I},
    pages = {2153--2162},
    volume = {52},
    doi = {10.1109/TMTT.2004.834179},
    issn = {00189480},
    keywords = {Geometry, Low-noise amplifier (LNA), Noise figure (NF), RF noise, SiGe HBT}
}

@article{IEEE2007,
    title = {{The Internet of Things - How the Next Evolution of the Internet is Changing Everything}},
    year = {2011},
    journal = {CISCO white paper},
    author = {Evans, Dave},
    number = {April},
    pages = {1--11},
    volume = {2007},
    url = {http://scholar.google.com/scholar?hl=en&btnG=Search&q=intitle:The+Internet+of+Things+-+How+the+Next+Evolution+of+the+Internet+is+Changing+Everything#0},
    isbn = {9783540787303},
    doi = {10.1109/IEEESTD.2007.373646},
    issn = {09598138},
    pmid = {9329309},
    arxivId = {arXiv:1011.1669v3},
    keywords = {2.4 GHz, 4.9 GHz, 5 GHz, AES, CCMP, CSMA/CA, DFS, LAN, MAC, PHY, QoS, RF, TKIP, TPC, WLAN, confidentiality, international roaming}
}

@article{FUKUI1966,
    title = {{The Noise Performance of Microwave Transistors}},
    year = {1966},
    journal = {IEEE Transactions on Electron Devices},
    author = {FUKUI, H.},
    number = {3},
    pages = {329--341},
    volume = {ED-13},
    doi = {10.1109/T-ED.1966.15689},
    issn = {15579646}
}

@article{KBattye1959,
    title = {{TRANSISTORS AS LOW-NOISE AMPLIFIERS}},
    year = {1959},
    journal = {Proceedings of the IEE - Part B: Electronic and Communication Engineering},
    author = {Battye, C K and George, R E},
    number = {18},
    pages = {1190--1193},
    volume = {106}
}

@article{Wheeler1965,
    title = {{Transmission-Line Properties of Parallel Strips Separated by a Dielectric Sheet}},
    year = {1965},
    journal = {IEEE Transactions on Microwave Theory and Techniques},
    author = {Wheeler, Harold A.},
    number = {2},
    pages = {172--185},
    volume = {13},
    isbn = {0018-9480},
    doi = {10.1109/TMTT.1965.1125962},
    issn = {15579670}
}

@article{Zhou2012,
    title = {{Tunable filtering balun with enhanced stopband rejection}},
    year = {2012},
    journal = {Electronics Letters},
    author = {Zhou, L.-H. and Tang, H. and Chen, J.-X. and Bao, Z.-H.},
    number = {14},
    pages = {845},
    volume = {48},
    url = {http://digital-library.theiet.org/content/journals/10.1049/el.2012.1869},
    doi = {10.1049/el.2012.1869},
    issn = {00135194}
}

@inproceedings{Wiens2014,
    title = {{Tunable impedance matching networks on printed ceramics for output matching of RF-power transistors}},
    year = {2014},
    booktitle = {European Microwave Week 2014: Connecting the Future, EuMW 2014 - Conference Proceedings; EuMC 2014: 44th European Microwave Conference},
    author = {Wiens, Alex and Bengtsson, Olof and Kohler, Christian and Kienemund, Daniel and Nikfalazar, Mohammad and Maune, Holger and Friederich, Andreas and Binder, Joachim R. and Heinrich, Wolfgang and Jakoby, Rolf},
    pages = {496--499},
    isbn = {9782874870354},
    doi = {10.1109/EuMC.2014.6986479},
    keywords = {BST, Ceramics, adaptive matching, ferroelectrics, non-linear devices, power amplifier, tunable components}
}

@article{Thi2012,
    title = {{Ultra low-power low-noise amplifier designs for 2 . 4 GHz ISM band applications}},
    year = {2012},
    journal = {Nanyang Technological University},
    author = {Thi, Tran and Nga, Thu},
    number = {July}
}

@article{Vu2017,
    title = {{Ultra-Reliable and Low Latency Communication in mmWave-Enabled Massive MIMO Networks}},
    year = {2017},
    journal = {IEEE Communications Letters},
    author = {Vu, Trung Kien and Liu, Chen Feng and Bennis, Mehdi and Debbah, Merouane and Latva-Aho, Matti and Hong, Choong Seon},
    number = {9},
    month = {9},
    pages = {2041--2044},
    volume = {21},
    url = {http://ieeexplore.ieee.org/document/7930469/},
    doi = {10.1109/LCOMM.2017.2705148},
    issn = {10897798},
    arxivId = {arXiv:1705.06907v1},
    keywords = {5G, massive MIMO, mmWave, ultra-reliable low latency communications (URLLC)}
}

@article{El-Hameed2017,
    title = {{Ultracompact 60-GHz CMOS BPF Employing Broadside-Coupled Open-Loop Resonators}},
    year = {2017},
    journal = {IEEE Microwave and Wireless Components Letters},
    author = {El-Hameed, Anwer S.Abd and Barakat, Adel and Abdel-Rahman, Adel B. and Allam, Ahmed and Pokharel, Ramesh K.},
    number = {9},
    pages = {818--820},
    volume = {27},
    doi = {10.1109/LMWC.2017.2734771},
    issn = {15311309},
    keywords = {Bandpass filter (BPF), broadside coupled, complementary metal oxide semiconductor (CMOS), millimeter-wave (mm-wave), miniaturization, open-loop resonator (OLR)}
}

@article{Adhikari2008,
    title = {{Understanding Millimeter Wave Wireless Communication}},
    year = {2008},
    journal = {Loea Corporation},
    author = {Adhikari, Prasanna},
    url = {http://www.loeacom.com/L1104-WP_Understanding MMWCom.pdf}
}

@article{Ali1998,
    title = {{Using equivalent dielectric constant to simplify the analysis of patch microstrip antenna with multi-layer substrates}},
    year = {1998},
    journal = {IEEE Antennas and Propagation Society International Symposium. 1998 Digest. Antennas: Gateways to the Global Network. Held in conjunction with: USNC/URSI National Radio Science Meeting (Cat. No.98CH36194)},
    author = {Ali, W.K.W. and Al-Charchafchi, S.H.},
    pages = {676--679},
    volume = {2},
    url = {http://ieeexplore.ieee.org/lpdocs/epic03/wrapper.htm?arnumber=702028},
    isbn = {0-7803-4478-2},
    doi = {10.1109/APS.1998.702028},
    issn = {02724693},
    keywords = {Dielectric constant, Microstrip antennas, antenna theory, cavity model analysis, computing time reduction, equivalent dielectric constant, experimental results, homogeneous layer antenna, microstrip antennas, multilayer microstrip antenna, multilayer substrates, multilayers, patch microstrip antenna, permittivity}
}

@inproceedings{Floyd2004,
    title = {{V-band and W-band SiGe bipolar low-noise amplifiers and voltage-controlled oscillators}},
    year = {2004},
    booktitle = {2004 IEE Radio Frequency Integrated Circuits (RFIC) Systems. Digest of Papers},
    author = {Floyd, B.A.},
    pages = {295--298},
    publisher = {IEEE},
    url = {http://ieeexplore.ieee.org/lpdocs/epic03/wrapper.htm?arnumber=1320601},
    isbn = {0-7803-8333-8},
    doi = {10.1109/RFIC.2004.1320601},
    issn = {1529-2517}
}

@book{Sadiku2010,
    title = {{Vector Calculus}},
    year = {1998},
    booktitle = {Journal of Chemical Information and Modeling},
    author = {Corral, Michael},
    number = {9},
    pages = {1689--1699},
    series = {The Oxford series in electrical and computer engineering},
    volume = {53},
    publisher = {Oxford University Press},
    url = {http://link.springer.com/10.1007/978-1-4471-0597-8},
    isbn = {978-3-540-76180-8},
    doi = {10.1007/978-1-4471-0597-8},
    issn = {1098-6596},
    pmid = {25246403},
    arxivId = {arXiv:1011.1669v3},
    keywords = {icle}
}

@book{geiger1990vlsi,
    title = {{VLSI design techniques for analog and digital circuits}},
    year = {1992},
    booktitle = {Microelectronics Journal},
    author = {Geiger, Randall L. and Allen, Phillip E. and Strader, Noel R.},
    number = {4},
    pages = {317--318},
    series = {McGraw-Hill series in electrical engineering},
    volume = {23},
    publisher = {McGraw-Hill Book Company},
    url = {http://linkinghub.elsevier.com/retrieve/pii/002626929290033W},
    isbn = {0070232539},
    doi = {10.1016/0026-2692(92)90033-W},
    issn = {00262692}
}

@article{Lu2013,
    title = {{Wide tunning range 60 GHz VCO and 40 GHz DCO using single variable inductor}},
    year = {2013},
    journal = {IEEE Transactions on Circuits and Systems I: Regular Papers},
    author = {Lu, Tai You and Yu, Chi Yao and Chen, Wei Zen and Wu, Chung Yu},
    number = {2},
    month = {2},
    pages = {257--267},
    volume = {60},
    url = {papers://b601f53a-84e1-4f0c-abd7-620bc101dbfb/Paper/p5651 http://ieeexplore.ieee.org/lpdocs/epic03/wrapper.htm?arnumber=6336804},
    doi = {10.1109/TCSI.2012.2215795},
    issn = {15498328},
    keywords = {Digital controlled oscillator (DCO), millimeter-wave (MMW) band, ultra wide band (UWB), variable inductor (VID), voltage controlled oscillator (VCO)}
}

@article{Wu2010,
    title = {{Wideband matched CMOS LNA design using R-L-C loading network}},
    year = {2010},
    journal = {Journal of Infrared, Millimeter, and Terahertz Waves},
    author = {Wu, Hui I. and Horng, Qi Yuan and Hu, Robert and Jou, Christina F.},
    number = {9},
    pages = {1063--1074},
    volume = {31},
    isbn = {1076201096646},
    doi = {10.1007/s10762-010-9664-6},
    issn = {18666892},
    keywords = {Input matching, LNA, Low noise amplifier, Wideband}
}

@article{Hansen2011,
    title = {{WiGiG: Multi-gigabit wireless communications in the 60 GHz band}},
    year = {2011},
    journal = {IEEE Wireless Communications},
    author = {Hansen, Christopher J.},
    number = {6},
    pages = {6--7},
    volume = {18},
    isbn = {1536-1284},
    doi = {10.1109/MWC.2011.6108325},
    issn = {15361284}
}

@article{20175G:CHALLENGES,
    title = {{5G: ISSUES {\&} CHALLENGES}},
    year = {2017}
}

@article{Conn,
    title = {{conn}}
}

@article{Demirel_These,
    title = {{Demirel{\_}These}}
}

@book{Saint2001ICGuide,
    title = {{IC Layout Basics : A Practical Guide: A Practical Guide}},
    year = {2001},
    author = {Saint, C and Saint, J},
    series = {  Telecommunications},
    publisher = {Mcgraw-hill},
    url = {https://books.google.fr/books?id=MHO_ghhx3L8C},
    isbn = {9780071386258}
}

@article{MetodosPesquisa,
    title = {{M{\'{e}}todos de Pesquisa}}
}

@article{Ericsson2016ONReport,
    title = {{ON THE PULSE OF THE NETWORKED SOCIETY Ericsson Mobility Report}},
    year = {2016},
    author = {{Ericsson}},
    keywords = {2G, 3G, 4G, 5G, Android, Argentina, CDMA, Carrier Aggregation, Ericsson, FDD, FIS Nordic World Ski Championships, Falun, GSM, Germany, HSPA 63 Mbps, IP Multimedia System, Internet, LAA, LTE, LTE FDD, LTE TDD, LTE advanced, LTE broadcast, LTE-A, License Assisted Access, M2M, MTC, Machine Type Coverage, Mobile HD voice, Music, OS, PCs, SMS, Smartphone, TD-SCDMA, TDD, VOD, VoLTE, WCDMA/HSPA, Wi-Fi, Wi-Fi calling, World Championship final, app coverage, app store, application volume shares, applications, average monthly data consumption, average monthly data consumption per smartphone, brazil, broadband, cap, circuit switched, consumer, coverage, data, data cap, data plan, data plans, devices, display clarity, extreme data users, football, handsets, heavy data, heavy data users, iPhone, instant messaging, internet, market, markets, mobile, mobile broadband, mobile broadband spectrum, net additions, net subscriptions, network, networked society, networks, online audio, online video, packet switched, penetration, phablets, resolution, screen size, ski, skiing, social networking, sports events, streaming, subscribers, subscription, subscriptions, tablets, traffic, trends, video on demand, video streaming, voice evolution, voice over LTE, web browsing, xDSL}
}